3770 4944
429 407 486 505 aa
855 375 939 498 ne
993 357 1209 498 nau
1274 329 1357 502 td

429 579 706 676 facultatibus
726 561 898 672 scilicet
925 576 1209 692 Theologie,
1239 577 1379 704 June,
1408 571 1630 670 Medici'ne
1658 583 1700 666 dt
1732 593 1798 668 ar'·

430 701 545 789 cium
569 696 862 805 Liberalium,
890 693 975 782 lllo
1002 697 1166 798 modo,
1195 697 1319 811 quod
1336 721 1465 784 vnarn
1498 689 1682 804 Redor,
1715 689 1794 780 hat·

429 819 530 912 beat
548 813 711 904 clauem
730 812 801 904 sue
820 809 1069 923 facultatis,
1087 809 1219 902 'Alias
1236 835 1349 899 vero
1367 823 1458 898 tres
1484 807 1643 897 Claves
1662 872 1678 917 ,
1712 833 1791 896 cu·

428 927 614 1020 stodiant
644 928 792 1019 decani
822 926 998 1014 aliarum
1022 924 1155 1028 trium
1181 925 1447 1016 facultatum.
1509 923 1724 1034 Verum,
1758 919 1791 1008 sr

430 1043 625 1136 cuiusvis
642 1041 925 1156 predittarum
938 1056 1124 1155 quatuor
1141 1039 1410 1130 Facultatum
1419 1041 1648 1144 Decanua,
1670 1064 1791 1142 conr·

379 1248 382 1254 .
429 1161 558 1252 mode
579 1159 726 1249 haberi
743 1185 833 1246 non
846 1151 988 1270 pollet
1008 1167 1090 1268 pro
1110 1172 1309 1268 tempore
1330 1221 1347 1260 ,
1369 1172 1475 1244 tunc
1496 1154 1642 1244 Clanis
1671 1155 1787 1241 eius·

426 1276 531 1388 ¹dem
547 1272 782 1382 facultatis,
807 1267 1140 1360 ProcuratoriN
1143 1267 1299 1373 acionis
1309 1269 1482 1361 Austrie
1491 1261 1774 1380 presentetur.

317 1387 320 1396 ’
421 1388 667 1483 'statuimus
698 1409 881 1502 quoque
909 1390 951 1472 dt
976 1384 1214 1490 volumus,
1243 1386 1365 1498 quod
1385 1383 1489 1474 visis
1508 1384 1668 1474 litteris
1697 1383 1784 1472 Re

431 1493 569 1634 storia
612 1500 819 1636 rehabui,
848 1496 1317 1632 Vniuersrtatissigillo
1334 1511 1487 1632 magno
1508 1499 1586 1589 vel
1617 1511 1781 1612 paruo,

430 1611 1495 1863 atrerrfatrttaltlbrnrtlrrtb
1514 1637 1788 1839 ffllutr

427 1859 531 1934 tatu
554 1847 694 1958 Studrj
713 1847 771 1932 W
806 1841 1023 1952 ennensrs,
1054 1844 1131 1934 vel
1154 1868 1313 1933 eorum
1342 1843 1599 1954 seruitoreS,
1630 1865 1783 1930 omnes

430 1956 641 2078 &frugali
660 2021 676 2070 ,
704 1871 949 2082 nolitoru‘m
967 1955 1319 2054 Theoloniorum
1340 1958 1566 2050 Mutarum
1583 1957 1782 2046 aliorum·

425 2085 487 2162 ue
506 2075 751 2170 reddituum
777 2087 850 2162 aut
875 2089 1170 2184 prouentuum
1199 2072 1464 2164 Collcstores
1493 2135 1510 2188 ,
1559 2073 1784 2186 ceterique

432 2185 572 2308 nostri
585 2186 859 2284 officiales&
875 2185 1060 2299 subditi,
1090 2189 1419 2304 quibuscunque
1429 2187 1671 2279 nominibus
1682 2215 1785 2277 nun-

430 2323 667 2418 cupentur,
686 2303 830 2416 ‘fidem
851 2302 1103 2414 adhibeant,
1133 2304 1344 2417 pariter&
1361 2306 1592 2415 obediant,
1623 2300 1786 2416 inipso

430 2441 528 2504 rum
548 2419 882 2532 Magistrorum,
911 2417 988 2506 vel
1007 2417 1248 2510 Scolacium
1272 2421 1655 2535 exemptionibus,
1683 2444 1790 2506 eos·

430 2551 521 2642 que
540 2535 871 2642 presentatores,
898 2529 986 2622 fine
1006 2533 1294 2648 requificione
1317 2536 1494 2626 alterius
1523 2533 1788 2645 testimonii,

429 2644 665 2755 expediant
680 2648 864 2738 indilate.
925 2650 1127 2747 Ceterum
1147 2647 1189 2740 in
1206 2652 1494 2764 exempcione
1513 2649 1789 2742 Studentium

430 2753 726 2864 liberaliorum
744 2761 926 2878 vestigia
940 2761 1179 2877 principum
1206 2763 1327 2882 sequi
1353 2767 1587 2875 volentes,
1620 2791 1675 2852 ne
1700 2769 1788 2855 for·
1878 2833 1879 2840 a

430 2871 546 2988 tellis
563 2875 616 2973 de
633 2877 797 2992 exiguo
828 2879 1015 2972 avaricie
1038 2899 1288 2994 arguamur,
1316 2889 1392 2972 aut
1417 2879 1667 2972 huiusmodi
1687 2880 1788 2968 Stu-

431 2985 585 3092 dium,
627 2987 919 3104 suspicem'ur,
959 2993 1234 3105 pecuniarum
1263 2995 1613 3111 acquirendarum
1645 2993 1787 3082 animo

429 3100 843 3216 erexille,1dcirco,
875 3109 1048 3196 modico
1069 3107 1183 3220 illo,
1214 3115 1335 3226 quod
1353 3137 1429 3224 per
1459 3113 1786 3224 exemptionem

431 3215 709 3332 scolarium,
749 3219 901 3311 nostris
931 3219 1218 3333 prouentibus
1261 3222 1446 3316 subtrahi
1500 3228 1676 3343 poterit
1702 3211 1785 3337 p'ro

434 3330 598 3424 nichilo
622 3351 850 3447 reputato,
879 3361 978 3424 curn
1001 3337 1044 3426 id
1063 3339 1220 3450 ipsum,
1253 3339 1451 3450 aliunde,
1481 3341 1526 3432 in
1545 3338 1786 3456 spirituali·

432 3448 543 3557 bus,
574 3471 681 3560 ,nno
715 3450 915 3566 utrisqve
942 3450 1095 3565 bonis,
1124 3455 1248 3544 nobis
1270 3460 1312 3544 dc
1329 3457 1512 3566 nostrie,
1540 3452 1786 3568 multiplici
1876 3545 1877 3548 γ

428 3573 499 3660 ter
515 3563 840 3683 reconpensari,
870 3563 1040 3656 minime
1067 3569 1308 3660 dubitemus
1330 3635 1345 3684 ,
1376 3573 1604 3666 liberaliter
1625 3569 1795 3660 confir·-
1876 3549 1877 3641 i

428 3695 597 3766 mamus
626 3677 868 3792 Statutum,
901 3707 994 3798 quo
1018 3689 1058 3774 dc
1080 3711 1220 3794 nunc,
1240 3711 1401 3778 omnes
1411 3687 1668 3804 Magistros,
1696 3686 1787 3772 Do·

429 3786 583 3893 tiores,
596 3790 853 3892 Bacallarios
873 3797 1151 3908 tusculanen,
1183 3799 1281 3900 diiii
1297 3803 1432 3894 nostri
1440 3805 1603 3917 Studij,
1633 3825 1787 3892 eorum

429 3927 520 4022 que
547 3933 683 4042 veroa
717 3907 946 4016 seruitoree
972 3917 1013 4004 dc
1039 3914 1256 4024 bedellos,
1285 3918 1547 4020 absoluinrur
1564 3927 1609 4013 u
1627 3911 1790 4010 eximi·
1875 3897 1876 3930 ¹

1690 4050 1788 4121 mus
