3770 4944
374 522 379 536 ,
541 380 626 506 m
690 375 917 502 rrorr·
967 379 1094 582 aa
1404 277 1466 509 n-

9 625 10 630 Ὗ
127 581 1206 836 “STATUTUM

125 845 507 1106 Universstaquende
534 903 618 1004 dato
647 917 682 991 ε.
721 903 881 1016 Augusti
921 915 1005 1016 136
1010 915 1048 996 ό.
1093 912 1192 996 circa
1219 899 1368 1017 officium
1407 904 1464 1008 di,

112 1071 118 1082 .
158 1071 160 1076 -
220 1046 318 1132 jura
377 1050 396 1105 e
463 1047 491 1104 r.
609 1113 611 1120 Α

107 1227 206 1468 ΙΝ
225 1268 273 1358 N
276 1297 417 1364 onum
436 1267 618 1364 Dommt
642 1272 780 1366 Amara
850 1269 1082 1362 Noverint
1099 1267 1463 1386 universrpresen·

119 1411 121 1414 ·
205 1387 320 1475 cium
359 1387 544 1478 lectores
581 1389 800 1480 acaciam
837 1389 1060 1481 auditores
1119 1395 1161 1478 δι
1186 1389 1374 1478 maxime
1402 1387 1460 1502 hij

108 1528 298 1620 quorum
314 1501 489 1592 interest
515 1501 591 1602 seu
609 1501 805 1596 intercise
815 1504 982 1620 poterit
998 1501 1173 1592 sorsrtan
1193 1506 1235 1592 in
1264 1509 1464 1597 futurum

138 1620 230 1708 uod
258 1643 340 1706 nos
363 1617 521 1708 Reblor
548 1637 735 1736 quatuor
753 1621 1066 1710 Procuratores
1097 1647 1149 1708 ac
1177 1637 1273 1710 tota
1290 1620 1462 1738 univer-

103 1649 209 1824 iitas
238 1729 481 1824 Doctorum
502 1733 815 1846 Magistrorum
841 1732 1131 1826 &Scolarium
1148 1733 1276 1826 studii
1295 1737 1463 1852 Wyen·

105 1846 243 1936 nensis
260 1843 517 1959 pataviensrs
541 1844 741 1959 dyocesrs
761 1845 1036 1936 concorditer
1062 1847 1343 1960 &communi
1362 1877 1463 1936 con-

103 1961 242 2054 sensu⁴
266 1958 490 2049 statuimus
521 1959 829 2051 &ordinamus
857 1959 1178 2048 ordinacionem
1199 1963 1308 2050 infra
1335 1959 1463 2076 scrip·

98 2101 192 2173 tam
226 2092 439 2192 perpetue
481 2071 710 2166 valituram
784 2077 932 2166 Primo
969 2075 1176 2164 videlicet
1220 2079 1341 2192 quod
1368 2076 1466 2196 qui-

110 2218 282 2312 cunque
340 2187 494 2280 dotlor
562 2188 758 2308 magister
834 2191 912 2279 vel
957 2190 1130 2279 scolaris
1181 2192 1367 2308 aliquem
1409 2196 1463 2283 de

105 2303 402 2406 Universrtate
419 2306 463 2394 in
486 2330 745 2424 quacunque
770 2303 890 2402 causa
915 2323 1061 2395 coram
1088 2305 1275 2398 uectore
1302 2335 1463 2399 conve·
1596 2315 1603 2328 '

103 2429 195 2518 nire
222 2420 419 2513 voluerit
445 2445 523 2536 per
550 2417 772 2513 budellum
806 2419 1107 2512 Univerfitatis
1135 2423 1211 2514 vel
1239 2421 1330 2534 ejus
1356 2417 1464 2538 nun,-¹

102 2545 218 2632 cium
243 2535 377 2650 ipsum
414 2535 542 2628 faciat
575 2541 628 2627 ad
651 2537 851 2628 Redoris
887 2536 1139 2650 presenciam
1176 2537 1357 2628 evocari
1394 2538 1466 2628 cui

102 2663 221 2750 duos
240 2651 436 2740 denarios
456 2652 752 2768 Wyennenses
779 2654 877 2742 dare
904 2655 1115 2744 tenebitur
1143 2681 1224 2742 nec
1247 2651 1462 2764 budellus‚

104 2773 183 2864 vel
201 2766 292 2878 eius
310 2767 488 2856 nuncius
508 2767 563 2856 ali
594 2794 697 2856 uem
720 2794 886 2868 vocare
905 2765 979 2856 seu
996 2768 1126 2858 citare
1153 2769 1373 2859 tenebitur
1400 2769 1462 2858 ni·
1514 2812 1517 2820 ¹

99 2887 207 2978 srde
232 2881 352 2982 ditiis
378 2882 548 2992 duobus
565 2796 746 2978 denariis
778 2880 832 2972 srt
856 2901 1041 2998 pagatus
1080 2886 1193 2972 Item
1235 2881 1463 2990 statuImus

101 3004 225 3122 quod
246 2997 494 3114 quicunque
524 2997 578 3086 de
597 3022 721 3086 novo
739 2997 826 3090 huc
841 3000 1013 3104 venerit
1040 3005 1082 3092 dt
1098 3005 1336 3106 membrum
1357 2998 1465 3090 uni-

101 3115 326 3208 versitatis
362 3109 446 3204 elle
486 3113 686 3214 noluerit
733 3115 786 3214 ad
829 3114 1091 3207 matriculam
1118 3113 1212 3207 srve
1237 3113 1465 3231 registrum

102 3228 401 3326 Univerfitatis
428 3251 517 3317 non
548 3229 793 3340 imponatur
828 3229 906 3320 nisr
931 3231 1106 3344 budello
1128 3229 1307 3320 mlverit
1329 3254 1465 3320 unum

102 3343 309 3468 greum
351 3347 464 3434 Item
489 3343 793 3436 ordinavimus·
827 3349 949 3463 quod
975 3372 1279 3464 quemcunque
1314 3343 1356 3434 in
1381 3343 1464 3434 hac

97 3457 404 3552 -Universrtate
425 3463 478 3551 ad
496 3464 674 3594 gradum
696 3462 981 3553 baculariatus
1010 3463 1052 3562 in
1080 3464 1281 3576 facultate
1301 3458 1465 3550 arcium

102 3575 364 3695 'promoveri
392 3576 618 3692 contrgerit
653 3577 828 3666 budello
851 3577 1154 3670 Universrtatis
1175 3579 1220 3668 in
1238 3569 1310 3670 sua
1323 3579 1464 3670 deter-

104 3689 348 3784 minacione
365 3689 538 3803 triginta
554 3691 666 3788 duos
686 3691 880 3782 denarios
898 3692 1195 3810 Wyennenscs
1208 3693 1378 3788 solvere
1400 3709 1463 3782 te·

105 3825 262 3898 neatur
337 3803 600 3920 Quicunque
628 3832 741 3894 vero
770 3807 813 3895 in
848 3812 994 3900 eadem
1018 3813 1219 3902 facultate
1246 3810 1461 3902 licentiam
1540 3873 1541 3877 a
1594 3823 1596 3826 ’

107 3923 288 4036 recipiet
324 3919 396 4010 sue
416 3915 748 4010 :licenciacionis
775 3939 972 4036 tempore
1005 3927 1134 4040 ipfius
1158 3923 1461 4016 Univerlitatis
1616 3967 1620 3974 ,

107 4038 284 4134 badello
303 4036 518 4158 sexaginta
536 4034 733 4138 denarios
758 4039 1053 4156 Wyennenses
1067 4043 1301 4180 tenebitur
1318 4063 1462 4248 ¹e‘qiqg·
1617 4129 1620 4142 ,
