3794 4942
438 393 526 488 ¹74
864 357 971 480 dh
1005 362 1067 478 )=(
1095 365 1125 450 '0
1153 365 1211 484 l(
1268 359 1348 487 uu
1469 305 1473 310 ἱ

438 573 596 654 vorem
629 549 862 648 sententiae.
883 563 1065 653 Laziane
1100 565 1286 654 extundi
1310 565 1482 678 potest.
1534 561 1654 688 'Jam
1675 571 1782 664 enim
1886 617 1887 626 Ν

438 705 499 768 ex
524 672 715 788 allegatis
743 673 928 782 constat,
967 707 1053 766 non
1072 677 1191 793 polle
1211 707 1289 794 per
1317 681 1430 770 illam
1449 680 1782 798 indicarijuxta

436 787 607 890 Phrasm
631 787 816 878 nostram
843 792 991 904 plures
1022 797 1245 886 facultates
1278 795 1408 886 idest
1438 795 1786 915 Theologicam,

435 905 691 1032 Juridicam,
720 905 941 996 Medicam
968 914 1010 999 u
1043 909 1416 1025 philosophicam,
1445 911 1517 1002 sed
1542 917 1616 1006 vel
1635 922 1783 1031 plnres

436 1023 577 1120 solum
600 1037 746 1126 artes,
775 1023 1279 1138 quartum-prelestiones
1303 1029 1498 1140 pluribus
1521 1035 1786 1127 committes

436 1145 504 1236 dae
524 1154 667 1249 erant,
696 1130 757 1228 ita
774 1155 825 1225 ut
841 1163 958 1228 unus
972 1136 1205 1258 Phyficos,
1225 1141 1563 1234 Mathematicos
1578 1149 1691 1239 alter
1706 1161 1787 1244 &ci

437 1256 575 1348 libros
602 1251 970 1364 explicarentur
987 1255 1133 1366 plures
1151 1257 1425 1364 Scholas,=in
1447 1261 1606 1376 quibus
1626 1265 1783 1360 Reno-

434 1397 508 1461 res
525 1365 813 1456 constituendi
828 1365 895 1475 jus
912 1385 1003 1456 erat
1017 1383 1155 1482 'penes
1180 1371 1410 1466 Rettorem
1429 1377 1635 1492 primariae
1654 1389 1706 1473 ad
1724 1388 1782 1476 D;

434 1483 707 1596 Stephanum
734 1480 935 1595 Schola,
973 1500 1024 1574 ut
1052 1485 1164 1576 clare
1183 1487 1346 1580 indicat
1361 1491 1474 1582 -Dux
1496 1497 1676 1585 AEh'e'rtus
1700 1505 1778 1592 III.

435 1598 588 1692 verbis
606 1594 728 1707 supra
747 1595 913 1686 citatis:
942 1599 1137 1690 Praetereu
1154 1603 1244 1688 idam
1263 1607 1398 1694 Redin
1427 1611 1634 1700 Scholarum
1653 1617 1782 1706 Saudi

436 1718 613 1824 Stephani
617 1714 777 1822 gaudeat
784 1715 1005 1810 nihilominus
1013 1717 1232 1828 juribus&
1237 1719 1537 1828 cmfiretudtnibus
1551 1729 1781 1850 presentunul'

437 1829 1471 1943 uutrmstituenuiRetluremSchuluriumudSMichuilum
1480 1845 1784 1964 &iuHospituli,

268 2051 272 2061 .
391 1961 395 1970 '
436 1977 500 2043 ner
522 1975 590 2035 nou
607 1945 661 2044 &⁹
679 1949 944 2060 quibuscunque
960 1935 1226 2062 ‘uliiseumudm
1244 1961 1564 2072 quanliusidfieri
1575 1967 1777 2073 currsmum.

434 2063 580 2158 Porro
597 2061 641 2147 in
658 2061 724 2150 his
743 2086 926 2176 quoque
944 2062 1115 2152 Scholis
1133 2085 1245 2156 artes
1271 2069 1468 2164 liberales
1483 2079 1663 2170 traditas
1684 2077 1780 2176 fuis·¹

434 2178 503 2288 se,
533 2176 577 2265 id
598 2194 805 2288 praterea
830 2195 1080 2292 argumento
1094 2177 1171 2314 sit,
1195 2190 1323 2388 puori
1348 2215 1493 2280 earum
1513 2191 1719 2288 Redones
1732 2206 1783 2294 ad

435 2291 660 2408 dignitates
678 2292 959 2382 Academicas
983 2314 1175 2408 promoti
1212 2317 1290 2390 rnt.
1350 2305 1397 2395 Si
1413 2305 1504 2398 haec
1539 2313 1782 2408 Fridericiuui

431 2407 684 2522 diplomatis
712 2409 959 2518 explanatio
985 2411 1258 2526 admittatur,
1296 2435 1419 2529 apte,
1449 2441 1512 2514 ut·
1525 2427 1625 2514 mihi
1662 2433 1783 2526 vide·

429 2535 533 2628 tur,
556 2522 775 2606 coherent
792 2521 955 2623 omnia,
985 2525 1032 2610 dt·
1048 2522 1208 2615 lubens·
1225 2533 1277 2617 ad
1295 2535 1456 2622 udum
1476 2543 1695 2632 &Baiarum
1709 2571 1778 2638 ac·

436 2635 619 2742 cedam,
652 2627 686 2720 fi
713 2647 813 2730 ante
842 2631 980 2724 Ducis
1005 2638 1188 2748 nauhu
1216 2647 1289 2734 IV.
1326 2666 1631 2766 temporanon
1658 2663 1778 2756 aliam

435 2747 624 2846 Vienna
660 2773 790 2861 quam
823 2749 930 2838 hanc
967 2751 1121 2842 artium
1168 2759 1368 2852 Scholam
1405 2769 1592 2863 floruille
1629 2781 1780 2873 velint

435 2861 553 2958 Nam
574 2869 614 2952 δι
632 2862 775 2980 Pragae
800 2883 902 2997 ante
916 2867 1040 2962 Caroli
1057 2871 1131 2956 IV.
1149 2887 1347 2989 tempora
1355 2877 1531 2975 similem
1553 2890 1784 2987 literarium

433 2981 585 3072 ludum
612 2997 807 3091 apertum
838 2977 962 3070 futile
995 2986 1124 3076 docet
1159 2988 1284 3104 supra
1312 2996 1472 3089 citatus
1487 3050 1489 3059 ·
1507 3005 1783 3110 Haselbuchius.

326 3170 330 3176 ,
430 3092 603 3188 Parihis
628 3119 809 3208 quoque
826 3114 878 3186 ut
898 3097 1154 3192 Lambecius
1176 3106 1262 3196 loc.
1289 3110 1356 3199 cit.
1378 3140 1471 3232 pag.
1497 3127 1595 3210 261.
1617 3133 1784 3244 refert,

432 3209 578 3308 multo
597 3231 696 3298 ante
707 3212 1002 3304 fundationem
1013 3219 1251 3312 Academiae
1259 3223 1486 3321 inclinante
1498 3236 1673 3330 Secu-lo
1684 3245 1788 3336 ΧΠ.

358 3347 360 3352 ’
431 3325 611 3441 ustam,-
639 3341 732 3415 erat
747 3323 922 3416 illustris
939 3332 1094 3420 artium
1127 3335 1364 3432 liberalium
1384 3348 1563 3461 Schola,
1590 3356 1790 3478 ideoque

429 3447 564 3534 etiam
581 3469 696 3534 nunc
713 3442 892 3534 facultas
913 3447 1065 3536 artium
1088 3465 1247 3544 tantam
1267 3456 1325 3544 ibi
1346 3463 1515 3558 obtinet
1538 3480 1792 3594 praerogari.

434 3581 561 3665 vam,
583 3577 637 3650 ut
657 3587 735 3650 nec
751 3585 811 3648 ex
822 3558 1113 3680 Theologica,
1126 3595 1206 3658 nec
1221 3569 1419 3685 jnridica,
1440 3609 1520 3672 nec
1531 3587 1706 3683 Medica
1722 3601 1797 3682 sa·

433 3674 628 3777 cultata,
656 3673 724 3766 sed
744 3700 805 3766 ex
837 3697 886 3763 aa
915 3675 1005 3777 sola
1028 3677 1193 3796 semper
1218 3707 1389 3781 creetur
1418 3697 1608 3814 Retior,
1642 3711 1803 3825 quiin

437 3804 610 3879 caeteras
628 3817 775 3882 omnes
794 3792 1028 3884 facultates
1038 3813 1266 3918 totamque
1281 3807 1552 3902 Academiam
1565 3821 1691 3914 habet
1705 3825 1810 3920 irn-

433 3905 617 4025 perium,
676 3912 811 4028 Quod
826 3909 940 4008 idem
958 3909 1029 4008 seu
1045 3929 1098 4010 ut
1124 3915 1279 4014 artium
1296 3923 1467 4021 Scholae
1482 3937 1827 4158 antiquitatffi
