3770 4944
580 335 664 460 bd
726 340 789 454 l=<
821 367 850 425 0
880 335 944 458 b(
999 337 1081 459 db
1414 368 1494 459 113

123 567 183 627 ,ει
210 565 283 628 om
306 531 374 634 nia
393 536 435 622 dt
450 531 608 652 singula
624 553 759 650 prout
780 534 882 627 sunt'
890 533 1128 648 specificata
1152 537 1342 653 superius
1361 547 1402 631 dc
1417 569 1497 656 po·

132 656 238 762 sita,
268 668 363 744 rate
382 656 578 764 sagrata,
609 651 733 742 firma
750 659 792 740 δι
809 651 1056 743 inconuulsa
1078 657 1256 761 habere,
1286 661 1327 742 dc
1345 684 1496 770 perpe-

123 787 217 858 ·tuo
237 769 429 878 seruare,
460 769 684 882 Quodque
706 763 1227 878 nos,'ips1Vniucrs1tati
1258 773 1297 856 δι
1327 771 1496 882 studiO,

125 887 283 974 eadem
304 881 431 1004 Jura,
460 880 683 997 priuilegia
702 887 744 972 dt
760 881 956 998 gracias,
985 883 1109 974 iuxta
1134 881 1263 996 ipsius
1288 886 1499 974 necessita-

123 1019 244 1110 tem,
274 1025 356 1112 pro
378 1011 628 1112 temporum
648 1003 689 1088 dt
713 998 991 1112 negociorum
1010 997 1319 1116 qualitatibus,
1347 999 1496 1090 melio·

132 1141 228 1207 rare
248 1115 482 1204 extendere
503 1119 545 1203 dc
570 1113 773 1227 ampliare
795 1115 1037 1225 volumus,
1075 1119 1126 1204 ad
1149 1112 1281 1226 ipsius
1301 1117 1496 1211 Vniuer-

122 1232 270 1322 srtatis
288 1225 539 1341 consilium,
571 1229 782 1346 quociens
792 1226 907 1340 ipsa,
936 1257 997 1318 ex
1007 1229 1142 1318 causas
1162 1230 1492 1320 racionabilibus

131 1353 175 1437 δι
189 1343 410 1462 legitimis,
442 1371 523 1434 nos
543 1343 822 1461 requisrerit,
851 1349 893 1433 &
911 1345 1095 1456 pecierit
1113 1345 1326 1457 supereo.
1387 1345 1496 1434 Por-

121 1489 184 1552 -ro
205 1485 303 1550 cum
316 1460 512 1549 naturale
530 1463 655 1550 sedus
677 1478 809 1595 atque
826 1457 974 1573 legalis
988 1460 1150 1550 ordinis
1161 1460 1307 1572 racio,
1338 1485 1496 1575 appro-

123 1585 258 1669 bante
291 1573 589 1664 consuetudine
625 1575 713 1663 hoc
739 1577 926 1674 rubeat,
963 1589 1014 1662 ut
1038 1575 1230 1665 filiorum
1258 1576 1493 1688 posteritas

124 1713 299 1808 ¹gratum
328 1691 516 1796 habeat,
547 1689 590 1773 in
618 1715 764 1800 eoque
794 1687 1102 1798 complaceat,
1132 1693 1253 1803 quod
1281 1687 1495 1804 Religiose

124 1802 342 1918 disposuit
358 1799 682 1914 progenitorum
700 1799 894 1912 probitas
911 1798 1114 1890 imitanda
1135 1867 1149 1906 ,
1180 1825 1320 1916 neque
1341 1806 1494 1892 deceat

126 1920 374 2036 principum
394 1909 667 2006 successores
687 1914 901 2030 legitimos
919 1941 944 2002 a
960 1910 1134 2004 suorum
1146 1911 1493 2028 predecessorum

102 2098 110 2118 ,
129 2041 260 2127 bonis
278 2027 625 2122 institucionibus
638 2026 812 2120 auersos
822 2030 1304 2137 ullatenusclaudicare,
1315 2029 1387 2123 sed
1395 2053 1494 2148 gau·

134 2155 282 2243 dentes
297 2151 349 2242 de
359 2144 637 2256 huiusmodi,
668 2147 721 2237 ad
735 2161 906 2260 patrum
917 2161 1047 2262 atque
1064 2148 1286 2263 propriam
1295 2145 1493 2258 salutem,

123 2275 178 2358 -81
192 2267 433 2371 honorem,
463 2285 534 2349 eas
557 2261 772 2352 custodire
793 2261 932 2354 carius
952 2259 1110 2372 pariter
1135 2271 1176 2353 δι
1194 2281 1491 2376 augmentare,

134 2398 365 2488 verentes,
398 2380 519 2492 quod
539 2377 617 2465 lex
638 2383 865 2484 denatura,
894 2377 1012 2466 lilios
1030 2379 1276 2466 exclamant
1285 2377 1492 2494 ignobiles

123 2502 179 2586 de
194 2498 453 2612 degeneres,
485 2520 533 2580 ea
547 2492 882 2605 preuaricantes,
912 2519 1001 2610 que
1020 2491 1176 2583 strenui
1194 2493 1404 2582 tradidere
1414 2491 1493 2592 Pa7

128 2632 254 2723 tres,
284 2609 415 2744 Igitur
433 2609 526 2698 dux
544 2635 686 2700 nouus
708 2607 894 2706 Austriae
911 2607 1094 2725 quilibet
1118 2634 1179 2696 ex
1197 2605 1356 2698 nostris
1374 2609 1492 2696 here·

138 2729 263 2818 dibus
291 2723 596 2837 superueniens
626 2787 642 2834 ,
677 2723 720 2812 in
756 2722 901 2833 primo
929 2723 1131 2812 eiusdem·
1148 2723 1209 2812 sui
1230 2723 1504 2840 principatus

137 2835 359 2959 ingressu,
399 2843 451 2928 ab
476 2837 775 2935 Vniuersrtate
811 2837 935 2950 studij
973 2836 1232 2934 Viennensis
1265 2835 1493 2928 solenniter

129 2977 194 3049 ,ut
210 2961 339 3048 decet
357 2957 499 3045 aditus
519 2959 561 3044 dr
587 2953 847 3068 susceptus,
877 2953 1007 3066 ipsam
1039 2953 1378 3049 Vniuersrtatem
1401 2976 1491 3068 gra·

139 3091 281 3165 tenter
310 3074 440 3160 habet
463 3071 686 3186 recipere,
717 3063 1045 3181 ‚all‘rrmaturuS,
1084 3067 1126 3156 se
1153 3070 1272 3158 velle
1305 3067 1493 3158 studium

127 3194 349 3304 prefatum
371 3187 414 3276 in
433 3185 634 3278 omnibus
656 3183 889 3302 priuilegiis
910 3191 951 3275 u
967 3182 1312 3278 ordinacionibus
1338 3183 1490 3297 prede·-

138 3301 346 3396 cessorum
361 3303 535 3394 suorum
559 3304 674 3394 tueri
689 3311 731 3394 δι
746 3305 899 3390 fouere
913 3302 1126 3408 firrniter,
1156 3317 1288 3418 atque
1317 3299 1422 3388 loco
1449 3303 1492 3389 δι

125 3439 346 3530 tempore
367 3417 658 3532 oportunis&
678 3417 906 3533 congruis,
940 3434 1073 3532 prout
1089 3414 1315 3506 occursura
1333 3435 1493 3529 exege-

35 3617 40 3627 .
137 3534 224 3624 rint
241 3533 444 3647 negocia,
474 3533 601 3626 nouis
622 3563 715 3626 eam
744 3535 958 3622 honorare
995 3533 1145 3650 gracijs
1180 3561 1230 3622 ac
1257 3527 1495 3646 prerogati-

135 3649 228 3754 uis‚
256 3653 299 3738 δι
318 3647 550 3763 priuilegiis
571 3653 784 3766 ampliare.
844 3651 1051 3740 Ceterum
1068 3664 1220 3741 tenore
1229 3643 1492 3763 presencium

131 3725 364 3856 'ammon
379 3765 638 3880 requirimus
651 3768 729 3858 sub
748 3767 929 3856 obtentu
947 3763 1090 3856 nostre
1112 3765 1249 3882 gracie
1277 3787 1429 3857 omnes
1449 3764 1491 3848 ἃ

122 3881 323 4058 ⁴singulos
341 3880 624 3998 presentes&
649 3889 824 4087 faturqs
860 3880 969 3975 infra
991 3880 1137 3975 nostre
1178 3871 1489 4081 dominqqirqqlis
1603 4043 1610 4052 ἱ
