3794 4942
440 407 531 500 rta
867 367 1013 492 *hh
1065 365 1119 491 i(
1143 391 1173 460 0
1199 363 1247 485 )(
1306 363 1391 486 lh&

436 581 559 702 poris
576 575 795 686 brevitas,
824 569 1026 670 &meniis
1042 567 1166 660 unius
1183 567 1381 687 angustiae
1400 569 1515 662 nulla
1536 565 1791 658 ratidne're-
1884 667 1885 684 ἱ

438 705 522 790 hus
548 691 743 811 gerendis
762 690 850 780 imo
869 689 995 806 gestis
1016 683 1235 776 sufficiant.
1296 689 1538 778 Statuamus
1556 685 1668 772 enim
1680 683 1788 774 Pon·
1884 685 1885 704 ¹

437 813 602 908 tificem
619 809 852 902 Avenione
878 810 1104 922 degentem
1132 798 1332 892 ailensrile
1358 803 1576 895 Ereilioni
1604 801 1783 894 XVlll.

463 929 554 1020 unii
577 929 818 1041 eademque
842 922 911 1014 die
944 923 1087 1014 literas
1111 915 1338 1008 tabellario
1367 921 1579 1026 traditae,
1615 919 1688 1008 hic
1723 947 1789 1010 eas
1878 963 1885 1107 Ι

494 1046 663 1136 iennam
678 1068 769 1130 non
794 1040 970 1154 attulit,
993 1033 1071 1128 nist
1094 1034 1215 1160 Julio
1243 1033 1484 1148 inchoato,
1511 1043 1667 1130 demus
1695 1037 1784 1128 dein

438 1161 659 1252 otliduum
674 1157 951 1268 meditandae,
976 1155 1173 1269 parandae
1191 1181 1246 1242 ac
1260 1147 1535 1264 perficienda·
1564 1153 1785 1242 erectionis
1875 1122 1883 1249 Ι

437 1273 709 1380 solennitati,
740 1275 948 1362 addantur
963 1269 1069 1358 odio
1090 1267 1184 1358 dies
1202 1265 1300 1370 alii,
1327 1267 1441 1356 intra
1458 1297 1569 1385 quas
1585 1297 1614 1357 e
1628 1271 1785 1360 Dotto
1876 1360 1881 1375 ,

436 1392 556 1486 ribus
580 1417 630 1478 ac
657 1385 880 1504 Magistris
901 1386 1075 1476 senatus
1093 1383 1379 1474 Academicus
1407 1389 1624 1475 conflatus
1642 1383 1719 1496 srt,
1748 1393 1785 1476 dt
1876 1416 1881 1447 ¹

436 1508 508 1598 hic
526 1503 569 1592 in
587 1505 739 1594 locum
757 1525 892 1592 unum
917 1498 1163 1616 congregari
1184 1496 1400 1610 coeperit,
1420 1519 1477 1592 ut
1496 1503 1664 1592 collatis
1691 1531 1786 1592 con·
1876 1500 1880 1593 2

436 1619 543 1712 sniis
569 1647 621 1708 ea
646 1618 947 1733 prospiceret,¹
985 1644 1039 1706 ac
1066 1631 1266 1728 curaret,
1294 1619 1474 1731 quaead
1488 1619 1723 1726 honorem,
1739 1650 1790 1710 ac·
1875 1606 1881 1715 i

306 1759 310 1773 ·
438 1739 723 1848 commodum
743 1741 1040 1826 membrorum
1056 1731 1251 1820 omnium
1259 1735 1486 1846 profutura
1500 1731 1655 1824 allent..
1681 1739 1787 1826 Con·
1875 1764 1879 1859 !

437 1855 638 1946 cedamus
655 1851 806 1956 ultro,
831 1853 1066 1941 Senatores
1084 1846 1184 1934 illos
1208 1850 1254 1936 in
1279 1846 1424 1960 primo
1453 1849 1599 1940 statim
1621 1867 1700 1942 aut
1720 1856 1787 1942 Se·
1876 1940 1879 1964 ,

439 1969 584 2060 cundo
611 1963 811 2056 consenlir
837 1959 1106 2068 observaffe,
1162 1965 1255 2052 uod
1308 1989 1409 2053 cum
1435 1967 1682 2075 &Restom
1705 1969 1794 2064 alii·

436 2081 525 2290 grie
559 2081 690 2213 multi
721 2079 882 2170 ordinis
915 2075 1046 2168 effent
1072 1989 1371 2208 eoiieliafhci,
1382 2107 1529 2216 'quam
1553 2085 1740 2198 primum
1768 2116 1791 2176 a

475 2193 655 2286 ontrfioe
674 2197 859 2308 petenda
884 2192 945 2284 fit.
966 2221 1016 2282 ea
1034 2211 1198 2310 gratia,
1225 2219 1281 2283 ne
1298 2194 1555 2288 ledhourhus,
1568 2201 1792 2292 Academi·
1876 2224 1879 2233 ¹

436 2309 1796 2534 a:uratislaus{illitteratura
1876 2402 1881 2417 ·

496 2455 581 2516 u,
775 2503 779 2510 .
1452 2459 1538 2521 co
1743 2463 1755 2519 r
1876 2466 1881 2489 ·

432 2541 559 2631 Huic
585 2537 685 2628 dein
705 2535 986 2628 Avenionem
1011 2538 1271 2650 perferendo
1301 2546 1564 2636 concedendi
1590 2541 1691 2638 sunt
1720 2551 1793 2640 alii

438 2655 536 2748 dies
560 2650 820 2763 duodecim,
846 2655 898 2740 ab
913 2648 1062 2744 hincsr
1084 2673 1213 2742 unam
1229 2654 1370 2748 solum
1387 2659 1697 2754 hebdomadam
1716 2693 1792 2758 ex·

434 2767 635 2882 speilarit
645 2765 930 2880 tabellarius,
956 2793 1232 2898 nequaquam
1257 2773 1425 2864 lentum
1450 2775 1699 2896 responsum
1720 2799 1789 2873 tu-

437 2879 531 2974 liffe.
546 2883 854 2998 dicendusest,
879 2884 977 2974 imo
988 2901 1120 2994 Juxta
1139 2913 1269 2998 eam,
1301 2917 1434 3006 quam
1446 2895 1635 3009 exposui
1648 2898 1793 2992 ideam·

434 2997 817 3134 nonfmorosesed
849 3001 1051 3134 celeriter
1069 2999 1158 3092 aaa
1185 2999 1360 3094 suill'ent
1381 3009 1552 3126 omnia,
1577 3014 1792 3108 nssrilomi·

434 3131 688 3250 nuotamera
704 3141 761 3204 rrs.
780 3117 1057 3250 perlit-,iendis
1071 3137 1253 3232 apparet
1273 3121 1528 3254 neceilarios
1546 3130 1675 3224 fuiffe
1698 3135 1793 3224 dies

433 3238 1802 3482 turtulathisturlsltlnlltndtu

434 3467 698 3579 eprltolam,
723 3461 927 3582 scriptrun
938 3459 1029 3554 else
1053 3469 1204 3557 Urbani·
1213 3469 1433 3588 diploma,
1459 3503 1557 3596 quo·
1577 3479 1694 3572 Duci
1712 3487 1796 3574 Ra

437 3579 560 3686 dubo
579 3583 638 3671 er'
670 3579 768 3672 endi
784 3575 1007 3697 Gmmalii
1022 3585 1273 3676 facultatem
1289 3591 1518 3709 concellrt,
1543 3596 1587 3689 id
1602 3604 1729 3712 quod
1745 3603 1794 3690 in

436 3695 632 3786 calendas
673 3696 796 3788 unias
814 3698 1035 3791 incideret
1096 3701 1288 3794 Accedit·
1308 3709 1477 3800 tandem
1497 3775 1515 3822 ,.
1553 3716 1678 3830 quod
1709 3713 1793 3804 nisa

436 3805 687 3901 Pontificias
708 3811 876 3906 litteras
901 3811 1038 3913 XIV·
1055 3819 1133 3912 cal.
1166 3815 1267 3936 julii
1283 3823 1420 3914 editas
1437 3824 1560 3918 fuilse
1574 3835 1795 3921 conceda-

432 3935 509 4029 uu.
523 3923 766 4048 periculum
781 3929 998 4030 inmineat
1007 3995 1026 4046 2
1052 3964 1106 4035 ue
1124 3937 1335 4050 thdohbus
1352 3944 1591 4040 undaro-is
1615 3949 1791 4038 honore

1686 4061 1799 4180 spo-
