3770 4944
1405 445 1460 529 81

102 617 279 709 Restori
304 615 440 706 aeno
464 623 587 737 quod
605 619 911 710 committenda
932 623 1008 712 fibi
1025 649 1104 736 per
1122 620 1257 735 ipsum
1273 626 1461 716 Univer·
1576 723 1586 744 ἱ
1694 731 1701 738 ,

103 733 239 822 fitatis
259 732 435 822 nomine
474 741 526 828 ad
552 735 743 826 officium
771 733 889 825 suurn
909 736 1138 853 spesiancia
1160 757 1357 851 tempore
1381 739 1460 828 Re-

103 849 237 970 slorie
263 849 391 962 ipsius
416 853 618 944 Restoris
659 850 845 940 fideliter
879 871 1124 970 exequatur
1181 857 1290 942 Item
1317 855 1460 946 statui·

104 992 204 1055 mus
244 972 367 1080 quod
393 967 666 1058 inaomnibus
686 969 1118 1057 determinacionibus
1147 967 1457 1058 batalariorum

103 1080 475 1173 licenciacionibus
500 1083 858 1186 licenciendorum
897 1089 938 1174 &
976 1084 1296 1198 incepcionibus
1330 1083 1373 1172 in
1395 1111 1462 1171 ar·

103 1195 226 1290 tibus
264 1197 573 1318 Magistrorum
604 1197 801 1286 budellus
831 1197 1132 1289 Universrtatis
1163 1199 1321 1288 existat
1348 1203 1461 1289 Item

104 1315 228 1428 quod
246 1313 288 1398 in
311 1315 507 1405 omnibus
533 1309 1279 1428 congregationibus-Univerlitatis
1312 1313 1463 1406 videli-

108 1446 182 1518 cet
226 1427 354 1516 missas
404 1429 608 1546 exequiis
658 1425 900 1519 offertoriis
950 1431 1287 1564 processionibus
1333 1443 1462 1546 quot-

102 1546 209 1634 libet
254 1543 614 1658 dilputacionibus
658 1543 841 1656 publicis
879 1545 1045 1656 jndicijs
1092 1553 1133 1636 δι
1168 1573 1313 1636 earnm
1349 1545 1461 1636 deci-

103 1659 293 1749 sronibus
350 1667 392 1749 δι
428 1663 639 1798 quociens
666 1659 897 1748 Restorem
916 1661 958 1748 in
979 1662 1170 1774 negociis
1195 1660 1461 1752 Universrta·

102 1777 160 1864 tis
189 1775 313 1862 exire
343 1775 571 1890 contigerit
593 1789 597 1796 ’
620 1773 821 1861 budellus
853 1773 1068 1886 preditlus
1097 1775 1272 1861 Reslori
1297 1773 1462 1885 semper

104 1889 256 1978 assistat
292 1889 388 2000 aliis
422 1914 565 1988 autem
597 1883 746 1979 diebus
768 1886 895 1976 semel
910 1885 988 1976 vel
1005 1885 1073 1974 bis
1090 1901 1225 1999 prout
1246 1885 1459 2000 optimum

68 2009 71 2014 '
98 2005 234 2094 fuerit
269 2003 312 2093 se
336 2003 595 2119 representet
619 2001 797 2110 aenon
830 2001 1010 2092 sisorte
1039 2002 1180 2119 aliqua
1198 2003 1459 2093 Universrta·

103 2120 360 2238 tisnegocia
382 2119 458 2208 fibi
478 2119 638 2210 su'erint
667 2117 973 2208 committenda
1029 2115 1204 2232 Insuper
1236 2117 1461 2211 statuimus

103 2239 225 2352 quod
240 2235 455 2350 predistns
476 2235 676 2324 bulellus
691 2232 961 2346 inceptiones
990 2231 1221 2324 librorum
1256 2239 1297 2324 δι
1326 2233 1461 2350 dispu-

103 2353 297 2443 taciones
317 2350 626 2468 Magist'rorum
651 2350 695 2437 in
722 2346 849 2437 scolis
881 2349 1146 2464 proclamare
1182 2353 1337 2440 debeat
1354 2347 1388 2438 fi
1408 2352 1462 2440 ad

103 2469 194 2556 hoc
227 2467 358 2558 fuerit
376 2465 604 2584 requisitus
662 2467 771 2554 Item
787 2467 909 2581 quod
928 2464 1066 2558 diens
1081 2466 1280 2556 budellus
1297 2465 1462 2554 nullum

105 2581 236 2671 citare
276 2582 353 2670 vel
377 2610 542 2671 vocare
571 2583 724 2674 debeat
760 2579 837 2668 nist
868 2582 957 2668 hoc
979 2609 1002 2666 a
1022 2578 1203 2676 Restore
1226 2577 1463 2694 specialiter

106 2701 259 2787 habeat
278 2697 320 2784 in
338 2698 548 2786 mandatis
609 2697 873 2811 Quicunque
898 2712 1043 2784 autem
1065 2723 1145 2808 per
1153 2695 1370 2785 budellum
1380 2721 1463 2811 vo-

109 2831 237 2904 catus
265 2811 417 2901 uenire
442 2810 631 2900 renuerit
675 2811 814 2898 velud
847 2809 1145 2899 Universrtatis
1184 2822 1462 2925 'contemptor

103 2927 343 3024 secundum
378 2923 685 3030 Universrtatis
712 2923 933 3014 confilium
951 2925 1152 3040 puniatur
1179 2925 1270 3014 ‘nisi
1295 2953 1377 3042 pro
1402 2953 1458 3015 eo
1569 2987 1574 2998 ι

108 3043 339 3138 excusacio
368 3041 561 3158 legitima
591 3039 892 3156 interpelletur
946 3041 1049 3130 Hec
1076 3041 1376 3134 ordinavimus
1418 3045 1462 3128 tt

109 3163 338 3256 statuimus
362 3153 634 3250 concorditer
652 3154 967 3246 constitucione
986 3175 1201 3272 perpetue
1218 3149 1464 3247 valituraed

104 3281 197 3370 ‘hoc
223 3273 460 3393 specialiter
481 3271 723 3394 congregati
760 3271 862 3362 &in
890 3271 1065 3363 euidens
1084 3270 1370 3361 testimonium
1386 3271 1463 3359 hu·

110 3397 181 3484 ius
198 3394 341 3481 nostre
359 3391 587 3481 concordis
608 3386 939 3478 constitucionis
952 3385 1134 3505 sigillum
1152 3384 1465 3482 Vniu’ersrtatis

106 3508 253 3602 nostre
269 3503 531 3624 presentibus
559 3504 763 3596 duximus
775 3505 1097 3618 appendendum
1127 3505 1293 3593 Datum
1303 3501 1466 3620 Wyen-

220 3649 276 3714 ne
306 3647 415 3712 anno
443 3609 622 3714 Domini
651 3620 801 3739 MCC
812 3618 1060 3720 CLXVI·
1088 3618 1246 3718 oslava
1287 3615 1358 3713 elie

595 3731 748 3826 mensas
781 3733 966 3852 Augusti
1163 3743 1179 3788 '²
1200 3779 1219 3866 s
1379 3751 1384 3762 ⁴
1445 3793 1449 3800 -

753 4115 807 4260 'a
889 4101 891 4106 ’
989 4131 993 4142 ’
1101 4129 1123 4146 ”
1228 4089 1464 4266 ''aun
1551 4127 1557 4143 '
