3770 4944
399 351 478 510 »36
846 340 929 468 bh*
990 347 1053 462 h(
1080 375 1111 436 0
1140 347 1197 466 )³(
1253 342 1336 466 ὃὸ

421 569 496 642 tus
514 548 589 664 uel
608 545 837 660 deputatus
856 543 1076 662 Magistris
1096 544 1140 634 in
1162 545 1316 635 eadem¹
1335 541 1539 632 facultate
1572 541 1667 635 astu
1704 545 1790 634 ini·

419 666 463 755 bi
498 659 737 781 regentibus
748 659 821 752 seu
837 662 938 752 alias
959 660 1323 750 commorantibus
1348 659 1603 748 convocatis
1622 657 1790 756 illosin

418 781 530 893 hijs,
559 803 646 896 que
664 775 777 867 circa
796 779 1125 892 promovendos
1147 778 1199 869 ad
1228 773 1463 891 Magisterij
1492 771 1567 864 seu
1597 775 1784 869 licentiae

420 897 495 986 vel
517 893 818 984 Baeallariatus
839 895 913 984 seu
943 894 1072 982 alium
1102 895 1313 983 honorem
1335 897 1376 980 &
1400 893 1577 1006 gradum
1606 892 1779 984 inditia

421 1010 663 1126 Theologia
689 1012 997 1126 requiruntur,
1027 1037 1106 1122 per
1131 1007 1171 1096 se
1202 1008 1275 1096 uel
1301 1006 1430 1095 alium
1453 1005 1578 1118 Juxta
1598 1011 1779 1134 modum

420 1123 867 1236 &.consuetudinem‚
898 1124 975 1240 qui
1003 1123 1125 1238 super
1144 1123 1300 1212 talibus
1326 1121 1368 1208 in
1403 1120 1601 1234 preditus
1629 1122 1778 1214 Bono·

421 1240 560 1332 nienfi
576 1238 649 1357 seu
665 1235 882 1334 Perisrenfi
895 1239 972 1329 vel
989 1239 1079 1350 aliis
1096 1235 1364 1355 generalibus
1387 1237 1546 1348 Studiis
1558 1238 1778 1329 obseruan-

239 1423 240 1426 κ
423 1373 525 1467 tur,
557 1352 799 1444 examinare
817 1353 983 1444 studeat
1000 1355 1245 1472 diligenter,
1275 1353 1423 1467 eisque
1450 1349 1555 1442 fiad
1578 1353 1667 1443 hoc
1696 1355 1777 1445 sus-

422 1470 618 1561 ficientes
636 1469 857 1586 &ydonei
877 1469 1238 1583 reperti'fuerint,
1267 1465 1514 1577 hujusmodi
1525 1467 1774 1560 Bacallaria-

423 1601 500 1674 tus
515 1583 587 1674 seu
604 1584 778 1674 licencia
798 1585 873 1674 vel
889 1582 1111 1702 magisterii
1131 1601 1208 1675 aut
1227 1583 1356 1672 alium
1375 1581 1583 1672 honorem
1600 1583 1772 1722 seugra·

422 1702 523 1792 dum
549 1700 762 1818 largiatur.
832 1700 901 1792 Illi
931 1719 1111 1816 autem,
1150 1702 1227 1816 qui
1251 1699 1293 1786 in
1319 1699 1475 1790 eodem
1492 1699 1634 1792 studio
1663 1703 1771 1793 drlte

420 1815 528 1906 ville
544 1814 780 1908 examinati
807 1821 848 1904 bt
872 1817 1099 1931 approbati
1122 1815 1287 1907 fuerint
1302 1837 1322 1924 's
1353 1841 1403 1904 ac
1437 1815 1621 1906 docendi
1645 1817 1775 1906 licen·

421 1931 533 2020 ciam
561 1937 604 2022 u
627 1933 841 2020 honorem
866 1931 936 2020 seu
964 1936 1142 2048 gradum
1164 1933 1294 2021 alium
1314 1928 1562 2042 hujusmodi
1579 1933 1775 2024 obtinue-

420 2043 508 2134 rint
522 2061 577 2134 ut
598 2045 661 2134 est
677 2043 860 2156 dilium,
890 2061 1076 2136 extunc
1095 2051 1259 2162 absque
1282 2045 1482 2144 examine
1501 2051 1543 2134 dt
1561 2053 1776 2162 approba·

420 2159 544 2248 tione
564 2159 645 2248 alia
662 2159 832 2276 regendi
852 2165 894 2251 dt
910 2160 1092 2253 docendi
1109 2178 1199 2250 tam
1216 2157 1381 2251 invilla
1401 2159 1612 2277 predita,
1643 2191 1775 2279 quam

422 2273 470 2362 in
489 2274 723 2392 quibusvis
747 2276 839 2388 alijs
857 2277 1119 2391 generalibus
1140 2272 1333 2386 Studiis,
1373 2275 1593 2392 inquibus
1621 2285 1774 2372 uolue-

422 2391 507 2479 rint
523 2415 671 2508 regere
689 2392 762 2480 uel
789 2393 982 2501 docere,
1011 2391 1191 2484 Statutis
1218 2398 1259 2481 δι
1287 2389 1657 2484 consuetudinibus
1680 2399 1778 2514 qui·

421 2508 680 2638 buscunque
701 2505 926 2618 contrariis
946 2509 1185 2709 apostoliea
1197 2507 1275 2594 vel
1295 2505 1374 2594 alia
1391 2509 1551 2640 quavis
1571 2511 1779 2632 firmitate

423 2617 591 2708 uallatis
608 2643 881 2736 nequequam
900 2624 958 2711 ob
975 2627 1162 2714 tant1bus
1180 2623 1348 2736 plenam
1360 2625 1778 2720 &liberamhabeant

373 2824 377 2834 ,
409 2735 695 2852 facultatem.
712 2734 837 2824 Nulli
853 2737 1369 2854 ergoomninohominum
1392 2737 1519 2830 lioeet
1533 2741 1643 2832 hanc
1664 2747 1779 2863 pagi-

312 2897 315 2904 =
419 2875 519 2936 nam
556 2850 703 2942 nostre
730 2851 1107 2948 constitutionis&
1123 2851 1408 2944 ordinacionis
1428 2853 1681 2975 infringere,
1706 2860 1776 2952 uel

426 2964 469 3054 ei
485 2961 585 3058 ausu
597 2967 828 3058 temerario
850 2969 1081 3060 contraire.
1138 2967 1284 3084 Siquis
1315 2985 1459 3060 autem
1482 2973 1570 3064 hoe
1595 2991 1777 3091 attemp-

425 3095 517 3170 tare
536 3077 837 3196 prefiumpserit
853 3085 1182 3202 indignationem
1203 3085 1776 3200 omnipotentisueiubea-

248 3238 250 3242 ·
426 3213 576 3287 torum
606 3199 723 3290 Petn'
748 3203 790 3288 dt
806 3199 928 3291 Pauli
945 3200 1264 3315 Apostolorum
1281 3200 1373 3315 eius
1391 3201 1431 3293 se
1448 3207 1620 3297 nouerit
1635 3207 1777 3300 incur·

426 3309 582 3408 sutum.
614 3315 780 3406 Datum
797 3313 1028 3432 Neapolia
1059 3317 1118 3406 ud
1135 3317 1339 3429 majorem
1365 3317 1583 3410 ecclesram
1600 3323 1796 3442 Neapo-

531 3427 803 3532 litaneuiem
829 3431 892 3529 X.
918 3431 1013 3523 Kal.
1094 3433 1185 3548 artij
1204 3433 1492 3532 Pontificatus
1511 3437 1646 3536 nostri
1752 3455 1757 3468 '

939 3547 1069 3648 Anno
1096 3551 1256 3655 Sexte.

1371 4113 1376 4118 ,
1538 4033 1777 4218 BUL.
