3770 4944
416 387 508 462 :120
847 353 931 476 ὦ
991 351 1054 468 )²(
1085 378 1114 438 0
1140 351 1198 467 M
1254 346 1337 470 ὥ

417 799 857 968 :universitatis
885 804 1083 984 prima
1121 799 1196 936 δι
1236 807 1580 985 generalia,
1626 845 1778 982 quac

424 1000 474 1097 in
506 991 868 1092 Commentariis
894 987 1139 1084 Lambecii
1159 986 1310 1084 Libro
1321 985 1381 1084 Il.
1400 1019 1448 1114 p.
1457 1011 1526 1094 92.
1542 1014 1648 1086 cunr
1659 1017 1776 1114 prae-

425 1127 595 1219 oedenti
612 1122 847 1236 privilegio
858 1123 926 1211 dd
947 1150 986 1230 5.
1002 1117 1101 1208 Oai„
1122 1137 1242 1231 1384
1254 1122 1474 1232 conjuncta
1485 1137 1640 1210 extant
1653 1149 1668 1221 ς
1681 1121 1774 1206 boc

455 1243 490 1334 fi
522 1241 664 1328 uidern
683 1231 881 1324 concello
905 1233 1177 1324 Universrtas
1198 1235 1312 1322 illius
1345 1241 1522 1350 prefata
1554 1233 1746 1324 condidit

483 1271 804 1470 (qtatutmatque
821 1348 1203 1482 eidemprigilegio
1215 1349 1529 1484 promisiocum
1543 1351 1722 1468 seqbeu·

467 1583 593 1674 Gitur
614 1609 694 1670 nos
724 1465 1352 1715 Chqlngrmelggdlrlrggzlguffl
1375 1578 1675 1672 Uniuersrtatis
1683 1504 1777 1664 Dm

495 1699 663 1812 stores,
692 1696 914 1810 Magistrr,
954 1699 1233 1810 Caeterique,
1261 1713 1315 1784 ut
1343 1697 1651 1809 prescribitur,
1685 1710 1777 1781 tam

428 1803 650 1918 sanetum,
680 1818 722 1902 dt
740 1813 917 1902 Salubre
934 1833 1098 1910 votum
1116 1810 1374 1900 illustrissimi
1394 1812 1599 1926 Principis
1619 1838 1670 1898 ae
1683 1809 1777 1894 Do

426 1929 532 2022 mini
548 1927 709 2038 nostri,
739 1927 918 2014 Domini
938 1929 1111 2020 Alberti
1123 1926 1264 2037 tertii,
1292 1929 1430 2018 Ducis
1444 1927 1647 2032 Ausuiae,
1676 1925 1778 2036 Sty·

427 2049 526 2152 riae,
557 2041 776 2132 Carinthie
803 2049 885 2132 dcc.
918 2043 1142 2160 diligenter
1159 2043 1326 2156 impleri
1336 2044 1586 2150 Studentes,
1614 2039 1778 2130 ordina·

428 2163 550 2252 tione
568 2159 756 2272 ejusdem
777 2159 1140 2272 providentissima
1155 2157 1215 2247 fic
1234 2159 1490 2248 commoniti
1511 2166 1554 2248 dt
1574 2158 1779 2246 exhorta·

428 2277 483 2385 ti,
512 2277 731 2366 attendere
762 2273 965 2387 caepimus
990 2273 1211 2386 studiose,
1243 2279 1469 2392 quomodo
1498 2275 1544 2362 in
1564 2270 1680 2362 omni
1698 2299 1777 2372 re,

428 2411 484 2483 ut
503 2397 627 2523 duret
650 2396 693 2478 dt
723 2390 977 2500 invalescat,
1007 2389 1221 2503 praecipue
1252 2391 1548 2506 aggregatione
1566 2390 1639 2478 vel
1674 2411 1782 2472 con·

429 2510 701 2638 tinuatrone,
723 2530 849 2591 unam
868 2501 950 2636 eise
969 2522 1150 2638 oportet
1166 2511 1370 2639 formam,
1399 2507 1589 2596 ordinem
1615 2508 1780 2592 &con-

431 2620 1784 2865 tbzltltbldbl‘lll'db„filz‘ttlblttlttltt‘f

432 2879 602 2988 cunque
631 2851 866 2967 collegialis
894 2849 1117 2986 hominum
1143 2849 1336 2982 Societas
1366 2855 1531 2958 exlex,
1559 2853 1636 2940 vel
1653 2849 1777 2937 malis

430 2971 599 3086 legibus
630 2986 709 3058 aut
733 2967 1108 3057 consuetudrnrbus
1136 2966 1315 3080 subjesia
1336 2967 1521 3058 crescere
1538 2975 1580 3056 bt
1599 2971 1777 3073 durare,
1871 2976 1875 3059 Ι

430 3089 534 3178 dum
551 3080 682 3199 ipsius
700 3085 810 3170 mala
828 3082 1071 3187 ordinatio,
1100 3081 1145 3168 δι
1163 3081 1375 3174 intraueos
1391 3085 1599 3198 expellit,
1638 3087 1681 3170 dc
1704 3104 1782 3167 ex·
1871 3097 1876 3183 ξ

430 3217 607 3292 traneos
646 3197 761 3288 adire
791 3199 1004 3313 probibet
1063 3201 1256 3288 Econtra
1283 3218 1428 3290 autent
1457 3195 1782 3306 Communitas,
1871 3190 1876 3277 ζ

430 3315 606 3433 optimis
628 3313 827 3428 disposita
852 3312 1016 3429 legibus
1042 3314 1319 3428 testatoris,
1348 3314 1624 3430 prosperatur
1651 3317 1695 3402 bt
1720 3311 1783 3398 in·
1871 3318 1876 3389 l

430 3429 631 3542 valescit,
660 3429 760 3520 suos
779 3430 944 3520 incolas
964 3429 1058 3518 fixe
1076 3431 1283 3539 retinens,
1313 3461 1364 3520 ac
1378 3433 1572 3551 undique
1590 3425 1783 3520 alliciens
1872 3516 1877 3535 ,

432 3549 689 3638 exteriores.
747 3549 809 3636 Et
827 3561 924 3634 ante
941 3550 1085 3634 omnia
1101 3546 1165 3634 est
1182 3572 1295 3660 opus
1312 3549 1448 3638 sumis
1467 3555 1508 3638 dt
1526 3545 1657 3637 certis
1678 3541 1785 3659 legi·
1874 3538 1878 3612 'r

433 3665 515 3753 bus
538 3659 581 3748 in
603 3657 773 3770 Politijs
790 3691 840 3753 ac
860 3662 1287 3780 congregationibus,
1317 3691 1416 3780 quae
1443 3691 1505 3754 cx
1541 3659 1785 3752 hominibus

433 3775 693 3870 diversarum
724 3771 1000 3895 Regionum,
1039 3775 1339 3869 conditionum
1365 3786 1408 3870 dt
1431 3777 1788 3869 consuetudinem

430 3892 683 4006 subststunt‚
714 3894 853 4011 qualis
868 3893 1057 3989 maxime
1075 3894 1139 3986 est
1164 3895 1369 4012 qualibet
1391 3893 1661 3990 Univeriitas
1701 3892 1791 4118 starlj
