3770 4944
520 299 603 426 Q
666 305 730 423 >=s
760 333 789 395 0
821 303 889 444 >s
943 303 1025 425 *ΞΒ
1389 327 1471 422 125

17 543 20 598 ε
208 501 215 516 '
237 501 350 591 Item
368 505 489 617 qnod
500 502 549 594 in
567 499 940 620 Dispntmonibus
967 504 1156 617 publicis¹
1173 499 1248 592 seu
1277 507 1475 600 collatio-
1509 503 1529 514 ”

17 709 18 712 ¹
98 618 247 710 ¹nibus
270 617 525 708 scholasticis
556 649 644 710 non
675 619 887 739 agitentur
914 618 1148 712 Baccalarii
1174 633 1249 712 aut
1277 621 1475 740 Magistni
1655 672 1659 695 «

120 733 361 850 proterviis
389 755 466 826 eut
486 737 721 850 convitiiS,
762 765 843 826 nec
859 737 903 824 in
930 737 1117 828 invicem
1147 736 1474 854 immorigeratis

120 850 269 940 verbis
289 859 363 940 aut
379 852 569 967 gestibus
590 853 980 970 seexprobrent‘&
998 852 1233 944 offendant.

218 969 355 1072 Item,
384 967 430 1056 si
449 969 694 1087 Contigeris
718 970 905 1088 aliquem
928 975 981 1066 de
1016 967 1308 1080 notioribus,
1334 965 1474 1085 Magi·

116 1081 214 1172 stris
240 1085 326 1175 vel
334 1084 592 1202 licentiatis,
615 1087 711 1178 aun
730 1087 992 1202 legentibus,
1020 1087 1159 1198 mori,
1188 1082 1474 1199 autaliquem

118 1201 172 1290 de
192 1199 360 1290 decenis
377 1217 452 1292 sut
464 1202 851 1320 mummolinus,
880 1208 1003 1324 quod
1015 1221 1113 1293 tota
1129 1197 1396 1294 Univotsstas
1414 1199 1473 1286 isl-

120 1315 243 1406 terfit
259 1315 350 1428 eius
371 1314 615 1434 exsequio,
641 1329 683 1414 ἁ
697 1335 798 1410 note
815 1322 1039 1435 prandium
1059 1323 1154 1430 die,
1173 1321 1303 1434 quam
1323 1311 1468 1424 Milsm

117 1433 278 1547 &post
301 1434 522 1546 prandium
541 1435 638 1544 die,
666 1457 752 1554 qua
769 1437 927 1552 vigiliae
952 1439 1139 1546 fuerint,
1165 1461 1255 1522 non
1289 1433 1470 1550 legatur.

117 1550 235 1640 Dum
248 1574 359 1636 vero
381 1551 536 1667 aliquis
551 1555 660 1643 alius
675 1552 1005 1644 inuniversstate
1020 1553 1230 1656 moritur,
1244 1601 1249 1612 ·
1262 1548 1473 1751 exequias
1571 1619 1575 1628 .

116 1664 210 1774 eius
237 1663 372 1750 Natio
386 1665 466 1759 sua
486 1683 687 1778 peragat,
705 1693 836 1780 quse,
865 1669 900 1754 fi
919 1669 1126 1756 defecerit
1142 1665 1189 1750 in
1211 1665 1349 1774 suppo
1370 1665 1471 1778 mie,

116 1775 328 1892 supplicet
340 1774 569 1892 suppositis
586 1779 761 1870 aliarum
780 1777 1030 1888 Nationum
1042 1780 1171 1893 juxta
1193 1774 1468 1867 honestatem

118 1891 303 1998 fulserit,
320 1910 372 1982 ut
389 1892 581 1984 interfint
597 1895 814 2012 exequiis,
1082 1911 1085 1918 ’

184 2007 186 2014 ‘
212 2011 331 2115 Item
349 2013 472 2124 quod
495 2011 539 2098 in
559 2010 677 2098 omni
701 2011 936 2102 festivitate
961 2007 1142 2126 virginis
1197 2003 1366 2096 lorioso
1395 2005 1473 2098 liat
1585 2006 1590 2017 '

117 2120 247 2214 Missa
261 2118 461 2216 solemnis
479 2153 582 2224 cum
600 2121 833 2218 offertorio
850 2123 1061 2242 presente
1080 2125 1149 2216 Re
1190 2149 1268 2212 ore
1288 2148 1388 2212 cum
1406 2140 1473 2216 to·
1582 2129 1594 2198 ί
1699 2103 1707 2140 ‘
1741 2163 1745 2173 ·

115 2257 163 2329 ta
180 2237 484 2332 Univerfitate.
547 2240 689 2332 Prima
704 2243 783 2336 fiat
799 2241 967 2333 infesto
990 2239 1306 2334 Purificationis
1331 2239 1374 2327 in
1390 2243 1473 2330 Ec·

118 2355 243 2446 clefia
259 2356 400 2447 Sentii
419 2356 701 2470 Stephnnl,s1
724 2359 827 2450 lieri
842 2355 1002 2475 potest
1026 2353 1368 2448 convenienter:
1397 2358 1472 2448 Se·
1580 2375 1586 2398 ‘

118 2475 255 2564 cunda
280 2467 324 2560 in
348 2471 689 2566 Annunciatione
716 2476 831 2590 apud
864 2481 1021 2565 fratres
1047 2469 1392 2563 Praedicatorest
1422 2472 1474 2587 In

115 2585 419 2701 Assumptione
435 2616 550 2678 vero
570 2593 686 2704 apud
707 2598 862 2682 fratres
882 2588 1045 2680 ordinis
1064 2587 1208 2678 Beate
1237 2581 1392 2694 Matiae
1416 2591 1471 2688 de

116 2705 360 2816 Carmello‚
395 2701 441 2790 in
466 2701 714 2796 Nativitate
741 2707 785 2794 in
815 2702 1088 2798 Monasterio
1114 2704 1386 2792 Scotorum:
1427 2702 1472 2794 in

117 2819 418 2936 conceptione
436 2817 481 2906 in
500 2825 560 2910 Ca
617 2821 674 2912 lla
691 2821 833 2917 uentu
852 2819 1032 2940 virginis
1049 2815 1093 2904 in
1109 2817 1297 2932 littore,
1320 2815 1371 2928 'iq
1403 2821 1472 2928 νὴ

120 2937 233 3058 giliis
250 2938 486 3032 eorundem
503 2942 712 3031 fetorum
727 2936 996 3032 Univerfitas
1020 2931 1254 3026 conveniat
1269 2929 1470 3046 solemnig
1546 2991 1548 2998 ·
1658 2963 1661 2970 ⁴

115 3057 256 3146 tesad
280 3044 475 3146 officium
494 3051 800 3260 Vesperatutin.
1458 3079 1469 3112 “·

217 3173 327 3261 Item
378 3173 470 3261 uod
489 3199 581 3289 quo
603 3171 690 3264 'bet
708 3200 818 3264 anno
833 3198 877 3259 m
892 3163 1300 3261 commemoratione
1316 3147 1469 3276 enimn}

117 3312 214 3377 rum
231 3287 310 3375 liat
380 3285 506 3378 'lsain
524 3291 661 3388 domo
676 3289 1039 3404 Praedicatorum,
1054 3287 1130 3380 vel
1145 3283 1188 3372 in
1206 3274 1362 3394 Sessio
1379 3280 1469 3430 Ste-

120 3402 290 3514 phano,
312 3401 345 3488 fi
364 3405 673 3498 convenienter
690 3406 787 3498 fieri
810 3403 970 3520 potest.
1238 3497 1240 3504 ,
1285 3499 1288 3506 ,
1399 3491 1417 3500 ,,
1460 3488 1464 3497 .

220 3517 334 3604 Item
345 3523 675 3636 quodFacultas
691 3522 953 3638 Theologiae
966 3521 1019 3612 de
1038 3514 1168 3608 certis
1188 3510 1468 3618 sermonibus

121 3633 176 3724 ad
205 3631 379 3722 Clemm
409 3635 713 3728 Univerfitatis
748 3664 827 3752 per
867 3662 1020 3728 annum
1044 3633 1195 3724 fiendis
1214 3629 1469 3747 disponatis

124 3745 316 3854 ordinet,
335 3766 542 3868 quantum
562 3756 752 3918 adloca,
767 3751 987 3872 personas,
1010 3749 1313 3869 predicaturus
1327 3742 1468 3976 ξῐιὲίεἷ
