3770 4944
417 379 474 494 n
800 319 923 499 'aa
985 375 1196 498 >rou
1257 339 1339 498 aa

422 588 539 676 nium
559 614 582 672 a
601 584 695 672 data
712 575 971 692 presentium
985 581 1348 692 computandum,
1378 571 1639 692 quotidianis
1665 574 1776 662 dun·

423 721 549 794 marat
564 692 931 790 distributionibus
949 694 1146 806 exceptis
1170 693 1389 807 percipere
1414 690 1552 776 iibere
1565 686 1775 794 valeatis,

410 843 524 910 ,cum
539 837 629 930 qva
645 811 745 902 illos
766 807 1093 922 perciperetissr
1113 809 1154 896 in
1173 808 1358 920 ecclesrjs
1376 805 1469 896 sive
1491 803 1601 892 iocis
1616 802 1658 890 in
1677 805 1776 916 qui-

421 939 504 1024 bus
524 924 736 1020 beneficia
762 923 848 1040 ipsa
872 926 1027 1014 suerint
1055 925 1335 1042 personaliter
1365 917 1631 1030 resrderetiS,
1661 919 1775 1007 &ad

423 1045 690 1142 residendum
707 1039 874 1130 interim
901 1039 944 1129 in
960 1040 1119 1156 eisdem
1146 1039 1332 1150 ecciesrjs
1356 1037 1449 1125 srve
1475 1035 1583 1123 locis
1604 1032 1780 1120 minime

342 1213 345 1218 ·
422 1158 681 1262 teneamini,
712 1159 929 1356 nequead
955 1157 1038 1246 ida
1064 1155 1295 1273 qvoqvam
1315 1154 1438 1254 inuiti
1454 1150 1632 1240 ualeatis
1654 1177 1777 1236 coar-

425 1281 521 1369 tari.
580 1275 687 1364 Non
708 1274 766 1359 ob
785 1270 974 1360 tantibus
994 1266 1776 1386 srpresatidoitoresMagistri&Seo·

399 1395 539 1494 vlares
568 1389 642 1479 uei
675 1409 826 1504 eorum
858 1385 992 1502 aliqui
1025 1387 1067 1474 in
1096 1386 1259 1492 eisdem
1279 1381 1467 1495 ecciesrjs
1491 1381 1578 1469 srue
1597 1379 1708 1468 locis
1731 1381 1775 1468 in

425 1507 591 1624 qvibus
618 1499 865 1591 huiusmodi
886 1501 1091 1590 beneficia
1116 1501 1257 1589 forsan
1280 1497 1442 1589 suerint
1472 1496 1651 1611 primam
1690 1496 1775 1604 iton

314 1687 316 1692 -
424 1615 883 1731 fecerintpersonaiem
892 1615 1157 1708 resrdentiam
1169 1613 1433 1720 consuetam,
1465 1612 1778 1727 &quibuscun-

424 1767 518 1858 que
543 1732 728 1830 Statutis
743 1737 785 1821 dt
804 1731 1190 1826 Consuetudinibus
1211 1727 1778 1821 ecclefiammuellocorum

408 1856 470 1943 ¹in
490 1851 649 1971 quibus
666 1846 915 1938 huiusmodi
933 1849 1138 1938 beneficia
1155 1848 1314 1937 fuerint
1334 1845 1555 1964 contrariis
1574 1841 1781 1930 iuramen-

370 2035 373 2044 =
426 1989 506 2082 to,
539 1963 869 2057 confirmatione
889 1963 1126 2076 apostolica
1144 1964 1218 2053 uel
1238 1987 1496 2078 quacunque
1512 1958 1781 2048 aliafirnrita·

427 2105 474 2174 te
495 2079 694 2190 uallatis,
723 2075 904 2166 etiamst
924 2079 976 2164 de
996 2077 1081 2168 illis
1098 2079 1310 2168 seruandis
1332 2083 1477 2166 &non
1501 2075 1780 2190 impetrandis

426 2198 587 2290 iitteris
614 2190 863 2308 apostolicis
894 2209 1046 2282 contra
1079 2223 1128 2290 ea
1161 2199 1204 2282 dt
1234 2191 1335 2306 ipfis
1360 2191 1518 2281 litteris
1548 2203 1636 2302 noq
1661 2203 1779 2280 uten-

424 2318 519 2428 do,
550 2314 680 2402 etiam
712 2311 762 2395 ab
793 2307 878 2396 aiio
899 2307 973 2398 uel
991 2307 1092 2420 'alijs
1121 2308 1356 2426 impetratis
1382 2306 1454 2398 seu
1485 2306 1587 2397 alias
1617 2307 1781 2424 qvouis

427 2432 567 2520 modo
587 2423 793 2514 conceisrs
818 2447 898 2534 per
924 2449 1008 2512 uos
1035 2425 1107 2514 uei
1142 2441 1448 2538 procuratores
1478 2423 1648 2515 vestros
1684 2447 1782 2535 pre·

428 2541 658 2650 stiteritis',
689 2537 761 2626 uel
786 2559 869 2624 uos
901 2538 976 2635 seu
1009 2541 1204 2634 vestrum
1228 2539 1418 2657 aliqvem
1449 2541 1637 2655 prestare
1661 2535 1784 2628 sorsa-

426 2677 508 2752 tan
534 2651 827 2770 imposterum
854 2655 1085 2772 contigerit
1114 2658 1411 2746 iuramentum.
1475 2657 1562 2746 Seu
1597 2653 1782 2743 stloco·

433 2799 532 2867 rum
545 2767 784 2880 Ordinarijs
804 2766 945 2860 asecle
965 2771 1204 2884 apostolica
1223 2769 1278 2884 srt
1304 2771 1515 2863 indultum
1535 2835 1551 2884 ,
1580 2772 1654 2860 uei
1675 2770 1782 2858 inte·

432 2891 516 2981 rim
534 2883 742 3002 indulgeri
757 2884 976 3002 contingat
993 2892 1114 3003 quod
1124 2885 1417 2978 canonicos&
1430 2886 1627 3000 personas
1647 2887 1783 2974 eccle·

429 3006 593 3116 siarum
613 3001 779 3092 suarum
805 2999 1045 3092 Ciuitatum
1075 3011 1117 3096 dt
1136 3005 1257 3096 dioc.
1288 3001 1417 3092 etiarn
1434 3001 1477 3091 in
1503 2999 1781 3118 dignitatibus

427 3124 505 3216 uel
532 3111 930 3238 personatibusseu
957 3117 1116 3231 officijs
1148 3116 1412 3209 constitutos
1435 3134 1513 3234 per
1538 3119 1785 3208 subtrastio·
1878 3139 1882 3193 4

378 3323 380 3330 ,
432 3267 534 3331 nem
548 3249 839 3352 prouentuum
860 3230 1033 3322 suorum
1058 3233 1529 3326 ecciesrasticorum'uei
1550 3235 1656 3323 alias
1666 3251 1786 3324 corn·

366 3449 371 3458 ,
414 3355 598 3470 ··penere
608 3349 781 3440 ualeant
790 3350 843 3437 ad
852 3346 1114 3440 resrdendum
1125 3350 1402 3465 personaliter
1411 3351 1452 3440 in
1464 3350 1640 3443 eisdem.
1688 3354 1785 3474 Aut

429 3469 468 3560 fi
503 3469 663 3556 eisdem
691 3463 918 3577 ordinariis
946 3470 989 3552 dt
1014 3463 1175 3558 dilediis
1195 3465 1295 3580 filijs
1320 3465 1529 3581 Capitulis
1556 3471 1788 3560 earundem

426 3579 730 3688 'ecclefiarum,
758 3577 829 3670 uel
847 3579 1072 3698 quibusuis
1083 3581 1174 3699 alijs
1184 3583 1464 3674 communiter
1480 3587 1552 3674 uei
1571 3583 1736 3678 diuisam
1763 3613 1789 3673 a

428 3699 600 3814 'prefata
618 3689 713 3787 sede
738 3696 955 3785 indultum
981 3697 1141 3790 existat
1165 3701 1239 3790 uel
1262 3698 1405 3790 medio
1427 3719 1626 3816 tempore
1648 3703 1786 3791 conti

393 3905 397 3912 ,
437 3811 548 3930 gerit
565 3809 772 3930 indulgeri
794 3813 920 3924 qvod
937 3815 1164 3905 Canonicis
1185 3822 1226 3905 dt
1280 3813 1443 3906 ersonis
1473 3819 1702 3907 earundem
1722 3847 1788 3908 ec·

438 3927 659 4044 ciesrarum
679 3930 806 4020 etiam
825 3924 867 4017 in
887 3927 1164 4046 dignitatibus
1184 3843 1578 4047 ueippersonatibus
1596 3933 1671 4026 seu
1690 3933 1785 4024 offi-

1474 4083 1477 4092 ·
1706 4077 1785 4165 cqs
