1021 1404
302 171 343 202 ΒΘ
375 172 433 200 )=<0
449 172 482 202 )²(
511 171 553 203 ὃὸ
728 180 770 203 ¹¹7¹

92 221 253 245 Illustriffimum
285 222 388 250 rincipem
404 222 523 244 Dominum
537 222 649 245 Albertum
656 239 663 251 ‚
683 223 769 246 Ducem

90 251 178 274 Austrie
196 250 247 278 supr
268 252 360 279 criptum
370 267 378 279 ,
398 251 494 274 nostrum
509 251 627 273 Dominum
640 253 769 279 naturalem.

90 280 161 303 Sancti
176 279 269 308 Spiritus
285 280 385 308 aspirante
398 280 468 310 gracia
478 296 486 308 ‚
501 284 607 303 attentum
617 284 661 302 tam
676 281 769 308 seruide,

91 309 153 342 quod
162 315 192 331 ex
200 307 247 337 ipso
256 308 333 331 Studio
341 313 389 331 tota
398 309 466 338 patria
474 313 575 338 tanquam
591 309 679 331 lucerna
692 308 770 338 sapien-

90 345 124 360 c1e
134 337 269 365 exmllatur‚
284 338 388 360 volumus
398 345 423 360 ac
432 337 518 361 racione
529 343 620 367 cogente
636 338 713 360 debere
727 344 768 360 nos

89 366 263 396 recognoscimus
272 382 279 394 ,
300 367 471 390 Vniuerfitatem
484 367 551 395 ipssus
567 366 649 395 Studij‚
666 374 691 389 ac
704 373 770 389 mem-

90 397 180 418 brorum
190 395 236 418 eius
245 396 360 425 quodlibet
371 396 454 419 smeero
470 396 547 419 affestu
558 395 660 425 prosequi
672 396 770 419 defende-

90 432 115 447 re
123 440 131 452 ‚
147 426 167 447 ὅτ
178 424 235 447 tueri
244 440 252 452 ‚
268 424 396 455 Omnesque
408 426 456 447 eius
467 441 475 453 ,
490 426 604 448 libertates
613 441 621 453 ‚
641 425 769 454 priuilegia,

89 454 239 476 ordinaciones
249 469 257 480 ,
270 455 424 483 exempciones
441 456 462 477 δι
475 454 569 483 gracias,
583 461 622 483 per
635 454 677 482 iam
690 454 769 477 dietum

90 483 208 512 gratiosum
222 482 342 505 Dominum
355 483 451 506 nostrum
465 483 551 505 Ducem
560 483 581 505 in
594 482 686 511 presenti
699 483 770 505 littera

88 512 181 533 traditas
192 513 213 533 &
223 512 366 539 conscriptas,
381 518 476 540 quorum
487 511 589 533 noticiam
595 518 635 533 nos
641 512 770 540 haberepre-

88 540 182 562 sentibus
192 540 337 568 protestamur
346 540 474 568 spondemus
484 539 538 562 diste
549 540 716 562 communitatis
731 547 770 562 no-

89 568 147 591 mine
157 575 199 597 pro
209 568 272 591 nobis
281 570 302 590 &
310 569 409 591 omnibus
418 568 497 592 nostris
508 567 669 592 Success'oribus
679 570 701 591 &
708 569 769 590 here-

89 598 166 626 dibus,
181 597 349 626 promittentes,
364 604 400 619 eas
410 597 523 620 obseruare
530 597 683 620 inuiolabiliter
690 597 769 620 cunCto

89 632 201 655 ternpore,
216 633 256 648 nec
267 633 312 649 non
320 633 362 655 pro
372 631 423 649 toto
432 626 491 656 poss'e
501 627 576 649 nostro
586 626 678 649 firmiter
686 625 770 649 conser-

90 662 149 678 uare.
180 656 205 678 In
215 655 277 683 cujus
288 656 431 678 testimonium
439 656 507 678 maius
516 655 613 685 Sigillum
625 655 696 677 nostre
705 656 769 678 Com·

162 684 271 708 munitatis
285 684 425 714 Wyennenfis
440 684 574 714 presentibus
589 684 691 708 duximus

345 714 517 743 appendendum.
