3786 4940
450 363 510 462 fid

454 569 551 632 rum
572 537 803 632 conduslus
821 538 1032 650 aduillam
1043 539 1336 633 Wiennensem
1353 537 1806 657 veniantprenotatam

453 680 587 774 prout
602 655 722 744 dietis
738 657 1192 768 prenotatis-nominis
1212 663 1253 748 dt
1275 651 1529 746 officialibus
1553 659 1744 747 dedimus
1765 655 1807 740 in

453 773 687 880 mandatis,
711 799 872 887 aequo
895 770 1019 886 supra
1038 775 1207 860 nomine
1223 772 1351 862 huius
1369 773 1509 884 scripti
1526 772 1629 862 serie
1639 803 1656 886 ·,
1677 771 1806 860 firmi·
1876 875 1877 880 u

452 907 520 978 ter
541 895 581 977 dt
600 886 780 976 districte
800 891 1044 976 mandamus
1068 885 1387 1004 &percipimus
1416 881 1490 976 sub
1522 893 1705 976 obtentu
1733 913 1807 971 no·

453 1005 536 1093 stre
557 1002 734 1092 Ducalls
747 1001 1136 1115 graciefflauoris,
1196 1004 1242 1094 Si
1263 1000 1362 1120 quis
1373 1025 1484 1090 vero
1496 1003 1809 1119 Magistrorum
1877 1048 1878 1098 l

454 1121 530 1208 vel
540 1115 777 1208 Scolarium
789 1116 1110 1208 adveniencium
1128 1123 1187 1206 ob
1208 1116 1459 1208 dilacionem
1475 1117 1685 1236 prestandi
1707 1145 1809 1204 eon·

444 1234 606 1324 dusius
620 1235 850 1344 dampnum
865 1233 1300 1350 incurrerat,velpro
1311 1233 1448 1324 dando
1459 1234 1672 1326 condustu
1683 1238 1804 1323 deret

435 1361 438 1368 ’
456 1373 643 1454 munera,
651 1347 726 1436 vel
735 1348 952 1462 propinas
961 1352 1045 1439 hec
1067 1351 1261 1464 dampna,
1270 1349 1476 1466 propinas
1485 1351 1562 1438 vel
1570 1375 1744 1438 munera
1752 1353 1807 1435 fa·

455 1465 619 1552 ciemus
630 1487 727 1551 cum
740 1461 895 1554 effestu
904 1466 1071 1555 refundi
1079 1467 1153 1555 uel
1162 1462 1342 1572 restitui,
1353 1467 1432 1554 vel
1443 1469 1494 1554 de
1513 1466 1654 1554 nostra
1672 1491 1815 1552 came·-

389 1667 394 1680 ,
457 1583 800 1670 rarefundemus.
842 1579 1072 1700 Quidquid
1081 1581 1215 1696 igitur
1231 1583 1434 1670 adeuntes
1450 1580 1608 1672 didum
1622 1581 1809 1670 studium

459 1693 669 1784 amiserint
677 1695 970 1807 utpredicitur
987 1702 1039 1789 de
1048 1725 1141 1818 quo
1158 1696 1344 1816 legitime
1360 1696 1505 1788 edosti
1514 1697 1743 1799 fuerimus,
1764 1697 1809 1784 id

456 1811 518 1898 eis
538 1809 701 1900 soluere
722 1839 771 1897 ac
791 1815 1020 1904 refundere
1039 1815 1240 1906 debenus
1261 1821 1303 1904 dt
1321 1815 1557 1923 volume,
1576 1810 1661 1899 stne
1681 1813 1809 1918 dolo,

457 1927 1655 2042 dummodopateatne}nocerivaleat,quodcondustum
1666 1929 1807 2016 modo

457 2041 683 2156 exegerint
702 2041 942 2154 prelibat0‚
964 2045 1155 2162 Nosque
1171 2039 1809 2160 lnuel'tigacionestudiosepre·

459 2157 603 2244 habita
624 2159 674 2245 de
693 2156 947 2246 ammissione
958 2159 1234 2274 huiusmodi,
1258 2162 1435 2248 easdem
1453 2183 1549 2269 res,
1565 2161 1643 2246 vel
1662 2185 1808 2247 earum
1877 2173 1878 2178 '

457 2272 791 2391 equiualenciam
809 2267 1080 2393 extorquere
1097 2273 1645 2390 debebimus28tvolumus
1663 2278 1713 2360 ab
1732 2301 1809 2384 eo,

460 2387 505 2474 in
524 2390 645 2476 cuius
660 2385 847 2481 distristu
862 2393 933 2481 uel
942 2391 1319 2490 amministracione
1337 2385 1495 2476 amillio
1515 2386 1610 2474 talis
1630 2385 1812 2474 dinosci·

461 2521 536 2592 tor
553 2499 636 2590 effe
662 2504 794 2613 neta,
824 2512 865 2596 dt
881 2501 1149 2626 huiepaffus
1177 2505 1378 2619 iasturam
1406 2500 1487 2625 jam
1507 2499 1659 2590 tactam
1677 2505 1809 2592 debet

462 2615 559 2705 cum
596 2619 782 2732 primum
817 2627 1002 2739 poterit,
1044 2626 1263 2731 intimate,
1302 2645 1469 2738 nosque
1493 2617 1618 2731 super
1658 2621 1810 2709 eadem

463 2733 673 2822 amissione
705 2740 906 2829 debemus
946 2747 1089 2834 facere
1118 2738 1360 2868 justiciam,
1399 2735 1475 2826 nel
1514 2735 1614 2825 alias
1655 2739 1708 2824 de
1755 2761 1809 2826 ea

463 2849 750 2964 cognoscere,
804 2860 1170 2973 quemadmodum
1214 2856 1342 2968 iuxta
1387 2853 1641 2970 qualitatem
1677 2873 1809 2962 nego

463 2962 517 3054 cii
555 2967 679 3054 nobis
716 2971 854 3062 visum
879 2969 1010 3063 fuerit
1042 2972 1255 3087 expedite.
1347 2963 1568 3060 Consimili
1609 2962 1811 3088 securita-

458 3099 504 3172 te
526 3080 808 3202 &privilegio
820 3092 1005 3204 gaudere
1024 3093 1178 3183 debent
1186 3083 1383 3203 Magistri
1396 3083 1473 3171 vel
1486 3079 1718 3192 studentes,
1732 3108 1810 3169 eo·

462 3224 558 3286 rum
574 3203 721 3290 samnli
741 3205 816 3290 vel
847 3207 987 3294 nuncii
1008 3211 1060 3295 de
1090 3207 1202 3295 disto
1219 3201 1361 3294 studio
1377 3199 1429 3287 ad
1446 3197 1810 3312 propriaredeun·
1878 3235 1879 3250 Ν

460 3329 553 3426 teo,
572 3313 630 3406 ita
648 3333 787 3406 tamen
808 3325 931 3433 quod
948 3322 990 3406 in
1008 3321 1211 3408 exeundo
1224 3311 1540 3412 terrasnol'tras-
1553 3313 1810 3404 condustum

447 3429 705 3545 nequirent,
724 3435 1084 3552 quemadmodum
1110 3433 1173 3520 est
1197 3427 1454 3543 permissum.
1524 3429 1678 3521 Omnia
1695 3455 1807 3542 quo·
1878 3451 1879 3528 l

463 3567 571 3743 alle,
590 3571 677 3659 que
694 3575 776 3660 pro
793 3551 1113 3664 magistrorum,
1134 3545 1400 3637 studencium
1417 3545 1494 3634 vel
1511 3545 1737 3638 scolarium
1748 3549 1807 3634 di-

506 3681 521 3740 1
538 3655 665 3749 studii
682 3691 733 3752 ac
757 3663 932 3754 aliarum
951 3665 1223 3782 personarum
1243 3669 1296 3755 de
1316 3659 1696 3776 iplaUniu'etsntate
1714 3663 1810 3752 exi·

460 3769 670 3864 stenelum
698 3771 850 3892 adun,
887 3780 1074 3892 vestitu,
1104 3783 1178 3870 vel
1209 3783 1294 3871 alio
1318 3777 1476 3894 quouis
1493 3773 1571 3866 usu
1587 3772 1710 3864 licito
1728 3805 1809 3891 per

464 3915 542 3986 eos
561 3891 636 3986 vel
651 3916 727 4006 per
743 3921 895 3988 eorum
909 3899 1121 4004 famulos,
1140 3900 1217 3990 vel
1235 3893 1412 4004 nuncios
1425 3889 1602 3984 addusta
1620 3893 1697 3983 vel
1717 3895 1811 3982 alla-

1767 4029 1813 4102 ta
