3794 4942
439 416 531 522 256
871 400 952 520 liis
1010 397 1077 516 n<
1108 427 1135 486 0
1164 401 1227 513 >l
1289 387 1369 514 id

438 617 552 702 conia
569 589 866 714 Halberstadenfi
878 601 1045 712 Episcopo
1063 597 1117 684 ad
1136 595 1314 708 legendum
1333 593 1420 680 inibi
1434 592 1573 700 publice
1607 591 1793 676 Capanea
1890 624 1894 716 χ

433 746 544 840 atque
566 724 703 806 Civilia
723 716 833 830 Jura
858 719 1078 806 Medicinam
1096 713 1148 808 &⁹
1161 716 1290 822 septem
1306 726 1410 796 artes
1425 711 1591 794 liberales
1611 707 1792 817 Apostoli·
1893 727 1894 738 *

431 871 476 928 ca
498 843 686 948 largitione
706 831 869 947 concrfflt.
927 833 1057 922 Plura
1092 829 1340 943 majoraque
1378 825 1684 934 incrementa,
1740 850 1791 910 ne
1893 859 1894 865 Ν

432 957 511 1046 illo
529 953 604 1042 sub
639 951 835 1062 Principe
859 943 1125 1040 Universitas
1160 943 1244 1031 vix
1276 933 1414 1028 ereiia
1453 955 1655 1050 caperet,
1686 938 1794 1026 invi-

433 1074 487 1160 da
511 1074 599 1158 sata
614 1063 888 1182 praepediere.
952 1063 1066 1150 Nam
1089 1085 1185 1150 cum
1206 1057 1294 1144 hoc
1310 1059 1463 1144 eodem
1490 1079 1598 1138 anno
1620 1051 1794 1142 Medio·
1888 1156 1892 1185 Ι

433 1189 574 1280 lanum
601 1185 654 1270 ad
673 1183 967 1269 Bernabonem
991 1179 1160 1264 Ducem
1180 1173 1221 1262 se
1244 1165 1512 1279 contulisset,
1543 1182 1592 1256 ut
1621 1169 1716 1256 eius
1746 1169 1792 1257 sr-
1891 1189 1892 1200 ¹

432 1301 532 1390 liam
567 1297 735 1383 idriolam
769 1293 941 1380 nomina
972 1290 1127 1402 iuniori
1160 1285 1283 1378 fratri
1312 1283 1389 1372 suo
1419 1284 1596 1392 tripolio
1629 1285 1787 1396 nuptui

431 1415 646 1516 traderet,
681 1409 810 1498 rebus
856 1409 970 1520 apud
997 1407 1179 1494 eundem
1214 1405 1386 1488 Ducem
1420 1395 1623 1511 prospere
1663 1397 1792 1516 gestis

435 1558 494 1617 ex
525 1525 627 1616 aestu
645 1522 777 1611 nimio
798 1522 844 1611 in
860 1526 1001 1612 febres
1031 1519 1204 1628 incidit,
1235 1515 1481 1628 ibidemque
1499 1511 1714 1611 extiniius
1732 1515 1795 1604 est

434 1641 591 1732 Mense
618 1638 734 1762 Julio
759 1641 886 1728 Amo
905 1635 1043 1725 aetatis
1062 1631 1142 1722 sure
1175 1633 1242 1756 26.
1287 1628 1356 1759 uti
1383 1629 1578 1742 pluribus
1605 1630 1792 1718 testimo·
1888 1737 1889 1744 Ν

434 1759 513 1846 niis
541 1757 582 1842 in
607 1757 721 1844 edita
739 1783 762 1841 a
778 1781 847 1842 me
866 1754 1079 1867 typisque
1098 1750 1282 1862 vulgata
1301 1743 1409 1833 Drvi
1430 1743 1633 1856 Stephani
1651 1743 1791 1834 Basili·
1888 1759 1889 1770 ‘

435 1901 486 1961 ca
508 1870 648 1960 titulo
682 1894 720 1980 3.
750 1867 972 1960 &ultimo
1002 1863 1215 1954 ostensum
1248 1859 1323 1948 est
1391 1857 1627 1975 Hucusque
1654 1861 1710 1950 R.
1743 1862 1793 1954 P.

438 1987 715 2088 Reichenau,
743 1984 828 2094 jam
844 1977 993 2070 rursus
1015 1981 1065 2067 P·
1083 1983 1275 2090 Steprer.
1888 2039 1889 2044 κ

586 2127 649 2188 uae
670 2098 868 2186 hailenus
886 2095 940 2180 ad
960 2095 1112 2204 dr'plama
1136 2093 1313 2178 Friderici
1348 2093 1401 2177 ll.
1433 2089 1521 2198 Irnp.
1550 2089 1670 2201 firpra
1697 2105 1789 2203 pag.

433 2230 479 2306 t.
519 2101 685 2322 iriiertum
729 2211 920 2322 adduxi,
951 2210 1055 2300 mihi
1075 2207 1280 2323 quidem,
1312 2213 1419 2295 &ut
1447 2206 1619 2296 confido
1640 2207 1792 2296 leiiori

438 2327 722 2444 persvadent,
771 2325 1044 2418 Academiam
1071 2321 1358 2418 Viennensem
1390 2338 1527 2408 natam
1565 2319 1646 2408 eise
1682 2351 1794 2409 anno

436 2447 524 2534 hoc
545 2443 866 2532 MCCCLXV.
895 2441 961 2526 die
980 2439 1069 2529 tv.
1091 2439 1191 2522 Idus
1212 2435 1395 2547 Martii,
1443 2433 1511 2524 sed
1531 2437 1793 2526 contradicit

438 2553 683 2662 erfgangus
699 2556 845 2638 Laziur
861 2551 937 2666 qui
962 2549 1086 2664 quod
1104 2548 1221 2640 libris
1242 2553 1284 2636 in
1304 2552 1444 2640 lucem
1470 2550 1591 2640 editis
1613 2549 1790 2656 notior,

436 2670 739 2758 novemdecim
760 2693 894 2754 annos
914 2666 957 2753 in
977 2667 1131 2754 eodem
1157 2667 1391 2779 Gymnnsro
1418 2684 1555 2774 artae,
1588 2693 1637 2752 ac
1655 2666 1796 2754 Medi·

436 2781 1790 3007 {tilieti{itlitt'fittilttllllilli-{tiit

436 3012 668 3104 audiendus
688 3013 763 3101 el't.
825 3010 967 3099 Hicin
983 3011 1290 3100 commentario
1313 3015 1364 3100 de
1388 3013 1517 3100 rebus
1540 3008 1791 3104 Viennensi-

386 3151 389 3159 *
438 3133 518 3220 bus
535 3126 765 3242 postquam
785 3128 972 3238 diploma
990 3127 1175 3212 Μαῖα·
1200 3127 1254 3214 11.
1275 3130 1384 3238 Imp.
1406 3127 1518 3214 libro
1544 3151 1586 3214 a.
1609 3155 1650 3214 c.
1679 3156 1729 3216 v.
1750 3153 1793 3242 p.

438 3245 510 3334 66.
529 3243 710 3332 adduxit
721 3268 813 3356 cap.
827 3240 912 3335 Vl.
924 3263 1019 3356 pag.
1042 3266 1111 3354 70.
1135 3242 1223 3330 hoc
1238 3244 1373 3330 modo
1392 3257 1737 3332 commentatur:

552 3366 578 3403 ”
597 3359 667 3445 De
684 3355 1085 3471 cujus(Academiae
1097 3353 1121 3464 )
1132 3357 1327 3446 exordiis
1343 3355 1434 3445 haec
1450 3359 1539 3442 sere
1558 3357 1792 3470 deprehen·

439 3482 466 3520 ’'
481 3472 649 3578 dimna,
680 3472 1070 3588 quemadmodum,
1101 3469 1381 3584 &superiori
1410 3471 1549 3582 capite
1585 3471 1793 3586 diploma·

439 3589 464 3635 ”
480 3587 539 3674 tis
558 3590 809 3700 exemplum
832 3584 1058 3676 adduiium
1077 3585 1266 3675 ostendit
1290 3617 1313 3672 a
1345 3589 1528 3675 Fridrrico
1566 3589 1620 3674 ll.
1651 3589 1791 3700 Impe-

442 3707 650 3810 ”retore,
668 3703 845 3814 sicilie,
860 3698 1051 3814 Apuliae,
1072 3703 1114 3788 it
1134 3701 1393 3790 Hierusalem
1415 3729 1514 3816 rege
1525 3705 1666 3814 prima
1679 3703 1800 3789 illius

441 3813 1801 3930 ”firndamentajaiiaelseannoanatoChristoMCCXXXVII.

443 3931 581 4024 ’'cum
603 3931 843 4048 ejusmodi,
875 3936 1011 4035 &tun
1035 3932 1223 4046 amplum
1237 3933 1385 4030 ludum
1401 3931 1637 4024 literarium
1657 3931 1697 4024 is
1711 3935 1808 4134 Csae·

1084 4125 1087 4132 .
1694 4051 1718 4092 ’‘
1753 4073 1807 4137 ar
