3770 4944
540 377 624 504 bb
686 382 751 502 t(
780 413 810 476 0
837 325 904 498 l(
964 375 1050 504 ub·
1415 395 1471 500 rr

131 929 278 1017 Urbani
299 928 403 1014 Sexti
427 926 536 1013 Pons.
563 927 607 1012 de
636 929 721 1016 dato
743 953 808 1017 ao.
835 929 945 1015 Febr.
979 939 1103 1030 1384·
1144 949 1219 1035 qua
1249 924 1466 1019 bonoribus

141 1097 143 1104 ‹
205 1045 404 1156 Magistrir
420 1043 473 1137 &⁹
495 1044 728 1132 studentibus
754 1039 803 1128 in'
822 1047 1066 1155 Universttatr'
1090 1042 1278 1146 Vrennenfi
1293 1044 1463 1152 faculta-

203 1179 275 1298 '‘f'‘
299 1163 429 1298 tribuit
446 1163 670 1272 percipiendi
699 1157 943 1274 beneficiorum
961 1175 1175 1293 proventus.
1196 1155 1251 1244 ad
1267 1168 1465 1274 quinquen·

200 1303 310 1365 nmm.

204 1505 388 1606 Remus
414 1501 643 1622 episcopus
674 1501 821 1596 seruus
849 1504 1069 1598 seruorum
1096 1471 1387 1600 DeiDileslis
1417 1489 1482 1624 fiss.

230 1623 298 1734 lijs
319 1622 528 1713 uniuersrs
549 1620 818 1710 Dostoribus
832 1623 1048 1743 Magistris
1060 1627 1355 1716 &Scolaribus
1367 1629 1466 1716 Stu-

112 1739 169 1849 dij
198 1739 304 1825 ville
333 1735 617 1851 Wycnnensrs
646 1734 908 1824 Patauienfis
933 1737 1064 1824 Dioc.
1089 1735 1266 1825 salutem
1294 1746 1336 1826 δι
1363 1766 1465 1850 apo·

112 1851 314 1941 stolicam
349 1848 696 1941 benediffionem.
770 1850 890 1938 Dum
924 1867 1085 1940 attente
1113 1847 1465 1941 consrderationis
1531 1847 1537 1856 '

107 1967 303 2083 indagine
321 1964 637 2082 perscrutamur
654 1963 776 2076 quod
791 1987 870 2076 per
886 1964 1128 2056 litterarum
1146 1964 1283 2054 studia
1303 1989 1466 2077 coope-

109 2100 232 2173 rante
265 2083 386 2170 illoa
410 2105 503 2198 quo
537 2074 729 2165 omnium
763 2077 1028 2168 carismatum
1058 2083 1168 2170 dona
1186 2097 1354 2172 manant
1378 2079 1464 2167 viri

105 2197 351 2288 efficiuntur
377 2193 561 2303 scientijs
595 2188 751 2282 eruditi
777 2218 858 2306 per
883 2223 1002 2310 qvos
1039 2223 1199 2314 equum
1230 2199 1281 2282 ab
1310 2195 1462 2310 iniquo
1578 2203 1585 2210 '

107 2311 388 2425 discernitur,
419 2308 673 2400 erudiuntur
694 2308 846 2418 rudes,
877 2311 1071 2424 prouesli
1095 2314 1152 2401 ad
1180 2311 1337 2400 alciora
1363 2335 1463 2396 con·

105 2427 324 2540 crescunt,
355 2433 397 2518 la
420 2425 528 2516 fides
547 2419 759 2513 catholica
776 2425 1012 2516 roboratur
1028 2425 1207 2516 libenter
1224 2423 1462 2530 nonsolum

103 2547 205 2634 loca
231 2543 306 2632 ubi
323 2538 576 2653 hujusmodi
602 2536 772 2651 pollent
796 2538 957 2650 studia,
985 2540 1058 2632 sed
1082 2543 1214 2632 etlam
1234 2539 1460 2632 studentes

102 2658 151 2747 in
169 2660 231 2746 eis
246 2657 461 2746 munimus
486 2651 629 2768 gratiis
656 2659 697 2743 bt
726 2652 999 2746 libertatibus
1027 2657 1306 2746 honoramus·
1364 2655 1460 2749 Va·

102 2776 202 2864 stris
221 2773 370 2890 itaque
388 2770 522 2858 inhac
530 2785 650 2880 parte
660 2765 1041 2884 supplicationibus
1051 2771 1242 2862 inclinati
1250 2769 1377 2862 uobis
1386 2797 1458 2858 au

102 2891 302 2982 &oritate
319 2882 979 3002 apostolicatcnoreptesentium
990 2887 1285 3004 indulgemus,
1314 2902 1366 2976 ut
1376 2905 1460 2976 uos

101 3005 343 3098 &uestrum
360 3000 510 3118 singuli
527 2999 570 3088 in
587 2998 713 3094 Villa
733 2999 1017 3116 Wyennensrs
1041 3001 1301 3094 Patauienfis
1323 3000 1455 3108 Dioc-

100 3123 347 3214 litterarum
369 3119 411 3206 in
429 3115 625 3234 qualibet
637 3116 975 3208 'licitasacultate
983 3119 1125 3215 studio
1135 3118 1361 3206 insistendo
1369 3120 1458 3204 fru-

99 3239 196 3327 uus
211 3235 399 3350 redditus
420 3239 722 3346 &proventus
749 3231 940 3322 omnium
958 3235 1204 3326 uestrorum
1226 3229 1459 3322 beneficio-

96 3379 203 3444 rum
219 3347 601 3440 ecclesrasticorum
620 3347 869 3440 secularium
888 3355 929 3439 δι
948 3348 1201 3467 regularium
1224 3369 1326 3436 cum
1353 3371 1456 3434 cura

99 3476 149 3556 bt
167 3465 254 3554 stne
273 3489 403 3576 cura,
430 3463 563 3553 etiam
582 3461 615 3551 sr
636 3465 929 3556 canonicatus
952 3474 994 3556 bt
1011 3466 1224 3581 prebende
1245 3491 1298 3552 ac
1325 3459 1456 3578 digni·

99 3599 220 3674 tates
239 3577 489 3695 personatus
510 3586 552 3668 bt
573 3575 719 3668 officia
742 3579 785 3666 in
816 3581 1177 3698 Metropolitanis
1199 3573 1456 3672 cathedrali-

100 3705 186 3790 bus
209 3704 251 3789 sc
270 3692 731 3808 collegiatis'acclesiJs
743 3693 955 3812 existant,
987 3697 1223 3789 dummodo
1233 3693 1457 3812 digritates

103 3813 260 3930 ipsein
294 3809 454 3900 eisdem
490 3807 844 3921 Metropolitanis
875 3815 949 3902 uel
991 3811 1315 3904 Cathedralibus
1354 3807 1454 3921 post

103 3925 378 4046 pontificales
405 3923 593 4014 maiores
615 3923 747 4013 autin
767 3927 1013 4042 collegiatis
1035 3923 1472 4041 ecclesrjs·principa-„

104 4049 171 4140 les
189 4073 280 4144 non
297 4042 483 4156 fuerint,
513 4065 611 4138 cum
635 4065 686 4132 ea
714 4040 957 4160 integritate
975 4042 1178 4164 usquead
1198 4039 1453 4172 Quinquen-
