1021 1404
290 179 330 210 ΘΒ
364 180 395 209 )=(
411 186 425 203 Θ
438 180 470 210 )=(
500 179 542 210 88
728 183 756 210 ⁶5

80 231 118 254 vel
127 230 226 254 totaliter
232 236 277 252 non
291 229 365 253 inserta
381 229 469 253 effeetus
483 236 557 252 earum
575 230 673 258 Impediri
687 231 759 253 valeat

81 259 250 290 quomodolibet
264 259 302 281 vel
322 259 423 286 differri,
448 260 469 281 δι
488 260 515 281 de
529 258 608 288 quibus
619 275 626 285 ‚
656 266 760 287 quorum-

82 296 126 318 que
135 288 191 311 totis
200 287 311 310 tenoribus
326 288 352 310 de
362 289 434 311 verbo
448 288 576 310 adverbum
590 288 686 310 habenda
698 288 725 310 fit
737 289 760 311 in

80 317 158 340 nostris
172 316 240 339 literis
250 317 330 339 mentio
344 316 441 346 specialis
453 333 460 344 ‚
475 316 564 345 proviso
573 334 580 343 ,
601 317 662 345 quod
674 317 759 339 interim

80 346 185 369 beneficia
199 345 324 374 hujusmodi
332 346 408 368 debitis
419 345 469 368 obse
485 345 527 368 uiis
536 352 580 368 non
596 346 727 372 fraudentur,
740 347 761 368 St

80 376 199 398 animarum
208 381 259 398 cura
269 374 290 397 in
298 374 344 402 eis,
365 375 444 404 quibus
459 375 474 397 il
484 382 495 397 a
510 375 607 397 imminet
616 391 624 403 ‚
640 375 759 397 nullatenus

80 404 208 434 negligatur,
219 404 255 426 sed
259 411 298 432 per
303 405 375 426 bonos
381 403 535 427 &sufficientes
544 404 648 427 Vicarios
657 420 663 430 ,
679 404 759 433 quibus

80 435 109 457 de
119 433 272 456 beneficiorum
283 433 378 461 ipsorum
388 433 533 461 proventibus
542 432 655 455 necessaria
664 439 760 466 congrue

79 462 225 485 ministrentur
234 479 240 489 ‚
255 462 365 491 diligenter
380 467 508 484 exerceatur
523 463 544 484 Rc
560 462 693 484 deserviatur
709 462 762 484 mibi

79 491 216 514 laudabiliter
225 491 245 512 in
254 491 339 513 divinis.
369 490 432 513 Nulli
442 497 465 512 er
479 498 493 512 o
507 491 595 512 omnino
610 491 722 513 hominurn
737 491 761 513 li»

80 525 130 543 ceat
137 520 192 542 hanc
202 519 301 552 paginam
310 519 383 541 nostre
393 526 461 541 conce
478 519 532 541 ιοηίε
547 519 660 548 infringere
670 535 679 547 ‚
693 519 731 541 vel
739 519 763 541 ei

54 563 58 566 -
79 548 135 572 ausu
145 553 261 571 temerario
269 547 382 570 contraire.
403 548 426 570 Si
436 547 485 577 quis
493 552 566 570 autem
573 547 618 570 hoc
630 547 761 575 attemptare

79 577 240 607 presumpserit,
255 576 421 610 indignationem
432 576 587 605 omnipotentis
593 576 646 603 Dei,
662 577 762 598 &beato-

80 614 129 630 rum
140 606 199 633 Petri
210 607 231 628 δι
244 606 306 628 Pauh
314 604 475 634 Apostolorum
486 605 532 633 ejus
542 604 563 627 se
571 605 660 627 noverit
669 604 762 627 incursu·

109 642 165 659 rum.
197 635 277 658 Datum
287 634 397 657 Avinione
404 634 480 657 XIIII.
490 633 732 663 Kal.AugustiPontifi--

86 669 88 671 ’
116 682 119 685 .
278 668 340 687 catus
352 663 420 686 nostn‘
430 670 485 686 anno
494 663 568 686 nertio.

422 1122 434 1144 1
617 1090 619 1092 '
649 1107 761 1145 LIT-
