3794 4942
381 603 384 610 .
530 427 614 552 aa·
675 435 735 550 )=(
769 433 894 545 0):<
949 434 1030 554 aa
1382 353 1459 550 ¹4⁸1

394 633 480 742 Ad
512 631 701 742 Rullum
743 626 920 738 Urbani
945 639 1007 741 V.
1026 633 1180 742 Pont.

175 888 306 978 R'imo
326 890 781 982 videlicet-notandum
801 887 888 1001 est,
906 888 1466 1004 Imperatoriamlrchidua

203 1022 327 1095 catus
345 1007 529 1098 Austriae
547 1005 835 1114 Metropolim
864 1009 1175 1104 Vindobonam
1213 1006 1256 1094 in
1290 1007 1377 1096 hoc
1407 1012 1465 1100 di·

103 1127 293 1239 plomate
333 1124 539 1238 appellari
563 1129 721 1235 Villam,
763 1149 848 1210 non
869 1152 947 1241 per
978 1141 1304 1238 contemptum,
1345 1123 1467 1238 quali

101 1239 286 1352 simplex
312 1239 490 1356 aliquod
521 1244 729 1354 praedium
755 1239 965 1331 rusticum
995 1241 1190 1372 (Vulgo
1220 1243 1281 1338 ain
1311 1237 1487 1357 witot?

103 1353 235 1470 Μ)
265 1357 339 1446 vel
370 1357 579 1476 exiguum
608 1386 659 1446 ac
691 1355 833 1450 Vrbis
861 1357 1034 1446 nomine
1063 1359 1283 1476 indignum
1310 1381 1469 1473 pagum

100 1473 128 1584 ζ
148 1471 305 1586 Vulgo
325 1471 518 1583 dwarf
531 1473 627 1569 obet
647 1471 857 1584 illiciens)
887 1472 956 1564 sad
974 1476 1122 1583 potius
1151 1501 1231 1589 per
1254 1476 1469 1562 excellen-

100 1586 233 1700 tiam,
265 1589 405 1679 veluti
442 1595 662 1699 primariam
691 1591 875 1694 Principis
910 1590 1066 1702 sedem,
1125 1590 1216 1679 five
1246 1606 1299 1680 ut
1325 1595 1466 1706 vulgo

98 1703 380 1816 loquuntur,
436 1706 706 1812 Ressdentiam,
755 1703 933 1792 testatur
971 1705 1081 1790 enim
1103 1706 1191 1794 hoc
1218 1701 1305 1818 ipse
1325 1703 1470 1793 Ponti·

98 1821 182 1903 fex
206 1812 377 1902 lsrlanus
409 1820 459 1903 V.
502 1818 605 1905 dum
634 1817 679 1904 in
700 1818 856 1903 eodem
896 1816 1149 1929 Diplomate
1176 1845 1233 1906 ex
1268 1813 1374 1904 reffe
1402 1843 1468 1904 re·

96 1934 221 2042 fert,
251 1933 423 2021 Ducem
485 1930 673 2020 Austriae
700 1931 1037 2042 Rudolpbumaam
1073 1937 1124 2022 ab
1151 1844 1314 2023 catellam
1352 1931 1468 2026 Vin·

100 2048 290 2137 dobonae
320 2047 475 2162 potius
504 2071 633 2162 quam
652 2045 696 2134 in
717 2048 810 2138 ullo
831 2049 916 2134 alio
936 2049 1138 2139 Ducatus
1168 2049 1354 2139 Austriae
1374 2047 1470 2160 'Op-

95 2161 210 2273 pido
245 2165 438 2278 generale
472 2159 673 2253 Studium
710 2159 803 2251 five
842 2166 1076 2252 Academiam
1118 2165 1215 2253 fieri
1250 2163 1472 2254 defideras·

93 2275 172 2384 se,
204 2282 327 2394 quod
368 2280 441 2368 ille
483 2279 610 2368 locus
642 2277 811 2367 caeteris
852 2283 1061 2368 omnibus
1092 2277 1198 2369 ellat
1230 2278 1468 2395 insignior,

92 2393 295 2507 ideoque
334 2393 468 2506 magis
505 2394 660 2478 adhoc
681 2391 874 2483 idoneus.
952 2395 1156 2487 Similiter
1185 2393 1328 2507 pallam
1356 2395 1472 2506 apud

94 2504 255 2595 mediae
275 2508 413 2596 aetatis
436 2502 688 2596 Historicos,
706 2502 863 2596 latinos
887 2509 986 2596 Valla
1006 2513 1126 2624 Regia
1160 2507 1368 2624 fignificat
1384 2530 1472 2596 non

94 2623 244 2711 solum
271 2622 401 2734 ipsam
433 2621 589 2709 Aulam
617 2615 823 2733 Regiam,
853 2621 925 2716 sed
945 2632 987 2714 δι
1019 2629 1211 2734 Urbem,
1242 2625 1287 2712 in
1317 2649 1473 2739 quaaa
1543 2701 1548 2712 ,

95 2755 430 2848 commoratum
461 2737 584 2848 cujus
617 2735 679 2824 rei
706 2737 842 2823 multa
878 2753 1035 2827 extant
1065 2739 1269 2850 exempla
1296 2739 1338 2825 in
1358 2741 1472 2828 Hen-

93 2855 185 2944 rici
218 2853 486 2967 Spelmanni‚
514 2849 688 2968 Equitis
742 2849 1145 2966 Aegio-Britanni,
1192 2849 1368 2966 Glffizrto
1393 2857 1472 2943 Ar·

92 2975 336 3082 chaiologico,
386 2967 462 3058 ubi
482 2973 535 3060 de
572 2971 694 3057 varia
729 2962 1036 3080 fignificationa
1069 2969 1199 3059 vocis
1238 2973 1337 3057 Vella
1372 2969 1472 3060 satis

86 3087 281 3204 prolixe
310 3085 464 3204 agitur.
531 3081 647 3172 Hine
680 3083 830 3196 itaque
867 3084 996 3176 etiam
1024 3112 1139 3174 nunc
1167 3089 1278 3199 apud
1318 3086 1471 3172 Gallos

89 3229 381 3321 quaecunque
419 3201 545 3296 Vrbs
598 3197 673 3289 seu
717 3197 883 3290 Civitas
913 3204 1151 3316 appellatur
1176 3229 1244 3291 une
1263 3200 1398 3304 Velle,
1428 3201 1472 3288 &

83 3323 140 3410 in
184 3320 326 3410 Ducis
363 3316 549 3407 Austriae
595 3319 746 3406 Albuti
764 3316 840 3410 Ill.
909 3315 1192 3433 praefatione,
1229 3313 1471 3432 privilegiis

83 3437 348 3527 Acalemiae
375 3432 933 3546 Vindob'onenfispraefixa
969 3432 1204 3546 conjunitin
1240 3431 1394 3546 legitur
1432 3437 1472 3520 in

81 3548 453 3771 &pisssff'a
471 3546 593 3654 nostra
617 3549 846 3662 mennam,
875 3551 1046 3643 hocffest
1069 3551 1113 3647 in
1133 3544 1472 3670 aelamitae*

183 3686 209 3760 ll
356 3687 460 3760 tenu.

229 3781 431 3870 Secundo
465 3780 704 3871 notandum
741 3783 1107 3890 est,·Eccles1am
1142 3789 1292 3876 mmm
1322 3784 1472 3873 Sane«-

85 3924 220 4008 ruae,
251 3894 375 4005 cujus,
406 3893 449 3982 in
486 3893 568 4006 jam
590 3896 724 3990 citato
767 3897 991 3990 Pontificis
1018 3901 1160 3991 Vrbani
1183 3905 1237 3989 Ἰ).
1265 3900 1470 4017 diploma·

87 4035 143 4108 te
179 4011 238 4106 fit
267 4010 452 4116 mentio,
490 4013 666 4107 eandem
696 4009 778 4107 effe
795 4043 948 4224 ,Squae
973 4017 1114 4132 vulgo
1155 4043 1268 4109 nunc
1299 4030 1479 4107 tantum.

373 4181 378 4188 -
540 4147 542 4152 ’
857 4153 883 4243 3
1329 4151 1465 4218 voea-
