<?xml version="1.0" encoding="UTF-8"?>
<!DOCTYPE html PUBLIC "-//W3C//DTD XHTML 1.0 Transitional//EN"
    "http://www.w3.org/TR/xhtml1/DTD/xhtml1-transitional.dtd">
<html xmlns="http://www.w3.org/1999/xhtml" xml:lang="en" lang="en">
 <head>
  <title>
</title>
<meta http-equiv="Content-Type" content="text/html;charset=utf-8" />
  <meta name='ocr-system' content='tesseract 3.04.00' />
  <meta name='ocr-capabilities' content='ocr_page ocr_carea ocr_par ocr_line ocrx_word'/>
</head>
<body>
  <div class='ocr_page' id='page_1' title='image "./chronologiadipl00schlgoog_0107.png"; bbox 0 0 3770 4944; ppageno 0'>
   <div class='ocr_carea' id='block_1_1' title="bbox 413 295 1338 420">
    <p class='ocr_par' dir='ltr' id='par_1_1' title="bbox 413 295 1338 420">
     <span class='ocr_line' id='line_1_1' title="bbox 413 295 1338 420; baseline 0.014 -13"><span class='ocrx_word' id='word_1_1' title='bbox 413 319 472 412; x_wconf 78' lang='lat'>84</span> <span class='ocrx_word' id='word_1_2' title='bbox 833 295 914 418; x_wconf 69' lang='lat' dir='ltr'>dd</span> <span class='ocrx_word' id='word_1_3' title='bbox 979 299 1040 416; x_wconf 72' lang='lat' dir='ltr'>l(</span> <span class='ocrx_word' id='word_1_4' title='bbox 1075 323 1104 388; x_wconf 89' lang='lat'><em>0</em></span> <span class='ocrx_word' id='word_1_5' title='bbox 1136 295 1198 410; x_wconf 76' lang='lat' dir='ltr'>l2(</span> <span class='ocrx_word' id='word_1_6' title='bbox 1256 296 1338 420; x_wconf 62' lang='lat' dir='ltr'>dh</span> 
     </span>
    </p>
   </div>
   <div class='ocr_carea' id='block_1_2' title="bbox 306 493 1787 3618">
    <p class='ocr_par' dir='ltr' id='par_1_2' title="bbox 306 493 1787 3618">
     <span class='ocr_line' id='line_1_2' title="bbox 406 493 1778 616; baseline -0.008 -23"><span class='ocrx_word' id='word_1_7' title='bbox 406 501 549 593; x_wconf 90' lang='lat' dir='ltr'>tulum</span> <span class='ocrx_word' id='word_1_8' title='bbox 580 497 773 616; x_wconf 76' lang='lat' dir='ltr'>ejusdem</span> <span class='ocrx_word' id='word_1_9' title='bbox 801 493 981 586; x_wconf 84' lang='lat' dir='ltr'>ecclefie</span> <span class='ocrx_word' id='word_1_10' title='bbox 1008 501 1240 614; x_wconf 82' lang='lat' dir='ltr'>deputatus</span> <span class='ocrx_word' id='word_1_11' title='bbox 1268 504 1385 588; x_wconf 87' lang='lat' dir='ltr'>soret</span> <span class='ocrx_word' id='word_1_12' title='bbox 1403 494 1778 612; x_wconf 76' lang='lat' dir='ltr'>presentarentur,</span> 
     </span>
     <span class='ocr_line' id='line_1_3' title="bbox 422 609 1778 728; baseline -0.007 -23"><span class='ocrx_word' id='word_1_13' title='bbox 422 619 629 724; x_wconf 83' lang='lat' dir='ltr'>idemque</span> <span class='ocrx_word' id='word_1_14' title='bbox 645 611 893 726; x_wconf 87' lang='lat' dir='ltr'>Preposrtus</span> <span class='ocrx_word' id='word_1_15' title='bbox 913 633 987 702; x_wconf 92' lang='lat' dir='ltr'>aut</span> <span class='ocrx_word' id='word_1_16' title='bbox 1006 617 1237 728; x_wconf 88' lang='lat' dir='ltr'>deputatus</span> <span class='ocrx_word' id='word_1_17' title='bbox 1256 633 1307 702; x_wconf 91' lang='lat' dir='ltr'>ut</span> <span class='ocrx_word' id='word_1_18' title='bbox 1322 617 1548 728; x_wconf 81' lang='lat' dir='ltr'>praefertur</span> <span class='ocrx_word' id='word_1_19' title='bbox 1567 609 1778 700; x_wconf 77' lang='lat' dir='ltr'>Dotlori·</span> 
     </span>
     <span class='ocr_line' id='line_1_4' title="bbox 337 724 1773 844; baseline -0.01 -18"><span class='ocrx_word' id='word_1_20' title='bbox 337 787 345 839; x_wconf 68' lang='grc' dir='ltr'>ι,</span> <span class='ocrx_word' id='word_1_21' title='bbox 417 737 498 826; x_wconf 84' lang='lat' dir='ltr'>bus</span> <span class='ocrx_word' id='word_1_22' title='bbox 522 739 567 823; x_wconf 88' lang='lat'>&amp;</span> <span class='ocrx_word' id='word_1_23' title='bbox 587 728 799 844; x_wconf 79' lang='lat' dir='ltr'>Magistris</span> <span class='ocrx_word' id='word_1_24' title='bbox 824 729 867 814; x_wconf 91' lang='lat' dir='ltr'>in</span> <span class='ocrx_word' id='word_1_25' title='bbox 888 733 1038 818; x_wconf 90' lang='lat' dir='ltr'>eadem</span> <span class='ocrx_word' id='word_1_26' title='bbox 1059 734 1259 820; x_wconf 79' lang='lat' dir='ltr'>facultate</span> <span class='ocrx_word' id='word_1_27' title='bbox 1276 729 1371 818; x_wconf 74' lang='lat' dir='ltr'>astu</span> <span class='ocrx_word' id='word_1_28' title='bbox 1392 727 1493 816; x_wconf 90' lang='lat' dir='ltr'>inibi</span> <span class='ocrx_word' id='word_1_29' title='bbox 1521 724 1773 844; x_wconf 86' lang='lat' dir='ltr'>regentibus</span> 
     </span>
     <span class='ocr_line' id='line_1_5' title="bbox 306 841 1773 962; baseline -0.008 -26"><span class='ocrx_word' id='word_1_30' title='bbox 306 880 315 900; x_wconf 73' lang='lat'><strong>⁴</strong></span> <span class='ocrx_word' id='word_1_31' title='bbox 417 845 678 938; x_wconf 83' lang='lat' dir='ltr'>conuocatis</span> <span class='ocrx_word' id='word_1_32' title='bbox 699 845 799 932; x_wconf 91' lang='lat' dir='ltr'>illos</span> <span class='ocrx_word' id='word_1_33' title='bbox 823 845 862 928; x_wconf 91' lang='lat' dir='ltr'>in</span> <span class='ocrx_word' id='word_1_34' title='bbox 883 845 987 955; x_wconf 87' lang='lat' dir='ltr'>hijs,</span> <span class='ocrx_word' id='word_1_35' title='bbox 1017 873 1103 962; x_wconf 89' lang='lat' dir='ltr'>que</span> <span class='ocrx_word' id='word_1_36' title='bbox 1130 847 1244 933; x_wconf 87' lang='lat' dir='ltr'>circa</span> <span class='ocrx_word' id='word_1_37' title='bbox 1260 846 1589 958; x_wconf 86' lang='lat' dir='ltr'>promouendos</span> <span class='ocrx_word' id='word_1_38' title='bbox 1603 845 1657 931; x_wconf 92' lang='lat' dir='ltr'>ad</span> <span class='ocrx_word' id='word_1_39' title='bbox 1676 841 1773 926; x_wconf 85' lang='lat' dir='ltr'>Do·</span> 
     </span>
     <span class='ocr_line' id='line_1_6' title="bbox 411 955 1771 1075; baseline -0.006 -23"><span class='ocrx_word' id='word_1_40' title='bbox 411 963 602 1052; x_wconf 72' lang='lat' dir='ltr'>&amp;oratus</span> <span class='ocrx_word' id='word_1_41' title='bbox 628 959 702 1048; x_wconf 90' lang='lat' dir='ltr'>seu</span> <span class='ocrx_word' id='word_1_42' title='bbox 719 958 953 1072; x_wconf 85' lang='lat' dir='ltr'>Magisterij</span> <span class='ocrx_word' id='word_1_43' title='bbox 980 963 1191 1048; x_wconf 87' lang='lat' dir='ltr'>honorem</span> <span class='ocrx_word' id='word_1_44' title='bbox 1223 959 1501 1075; x_wconf 90' lang='lat' dir='ltr'>requiruntur</span> <span class='ocrx_word' id='word_1_45' title='bbox 1525 984 1604 1070; x_wconf 88' lang='lat' dir='ltr'>per</span> <span class='ocrx_word' id='word_1_46' title='bbox 1627 955 1671 1044; x_wconf 91' lang='lat' dir='ltr'>se</span> <span class='ocrx_word' id='word_1_47' title='bbox 1696 956 1771 1044; x_wconf 94' lang='lat' dir='ltr'>uel</span> 
     </span>
     <span class='ocr_line' id='line_1_7' title="bbox 408 1070 1767 1189; baseline -0.006 -23"><span class='ocrx_word' id='word_1_48' title='bbox 408 1079 537 1169; x_wconf 85' lang='lat' dir='ltr'>alium</span> <span class='ocrx_word' id='word_1_49' title='bbox 573 1077 720 1189; x_wconf 75' lang='lat' dir='ltr'>juxta.</span> <span class='ocrx_word' id='word_1_50' title='bbox 749 1077 928 1162; x_wconf 92' lang='lat' dir='ltr'>modum</span> <span class='ocrx_word' id='word_1_51' title='bbox 960 1081 1011 1185; x_wconf 69' lang='lat'>&amp;2</span> <span class='ocrx_word' id='word_1_52' title='bbox 1034 1073 1424 1187; x_wconf 84' lang='lat' dir='ltr'>consuetudinem,</span> <span class='ocrx_word' id='word_1_53' title='bbox 1476 1075 1554 1188; x_wconf 91' lang='lat' dir='ltr'>qui</span> <span class='ocrx_word' id='word_1_54' title='bbox 1586 1071 1629 1158; x_wconf 89' lang='lat' dir='ltr'>in</span> <span class='ocrx_word' id='word_1_55' title='bbox 1657 1070 1767 1165; x_wconf 18' lang='lat' dir='ltr'>,tali-</span> 
     </span>
     <span class='ocr_line' id='line_1_8' title="bbox 409 1185 1768 1304; baseline -0.009 -20"><span class='ocrx_word' id='word_1_56' title='bbox 409 1197 492 1284; x_wconf 89' lang='lat' dir='ltr'>bus</span> <span class='ocrx_word' id='word_1_57' title='bbox 514 1196 558 1280; x_wconf 88' lang='lat' dir='ltr'>in</span> <span class='ocrx_word' id='word_1_58' title='bbox 577 1189 847 1304; x_wconf 84' lang='lat' dir='ltr'>generalibus</span> <span class='ocrx_word' id='word_1_59' title='bbox 872 1189 1035 1302; x_wconf 85' lang='lat' dir='ltr'>Studijs</span> <span class='ocrx_word' id='word_1_60' title='bbox 1062 1190 1374 1303; x_wconf 90' lang='lat' dir='ltr'>obseruantur,</span> <span class='ocrx_word' id='word_1_61' title='bbox 1403 1191 1649 1280; x_wconf 84' lang='lat' dir='ltr'>examinare</span> <span class='ocrx_word' id='word_1_62' title='bbox 1672 1185 1768 1276; x_wconf 89' lang='lat' dir='ltr'>dili·</span> 
     </span>
     <span class='ocr_line' id='line_1_9' title="bbox 408 1300 1765 1424; baseline -0.002 -31"><span class='ocrx_word' id='word_1_63' title='bbox 408 1327 582 1424; x_wconf 81' lang='lat' dir='ltr'>genter,</span> <span class='ocrx_word' id='word_1_64' title='bbox 612 1307 768 1421; x_wconf 89' lang='lat' dir='ltr'>eisque</span> <span class='ocrx_word' id='word_1_65' title='bbox 790 1301 824 1389; x_wconf 88' lang='lat' dir='ltr'>sr</span> <span class='ocrx_word' id='word_1_66' title='bbox 844 1306 896 1394; x_wconf 91' lang='lat' dir='ltr'>ad</span> <span class='ocrx_word' id='word_1_67' title='bbox 913 1305 1002 1394; x_wconf 92' lang='lat' dir='ltr'>hoc</span> <span class='ocrx_word' id='word_1_68' title='bbox 1014 1303 1271 1398; x_wconf 86' lang='lat' dir='ltr'>sufficientes</span> <span class='ocrx_word' id='word_1_69' title='bbox 1291 1300 1765 1420; x_wconf 57' lang='lat' dir='ltr'>&amp;sydoneirepertiso-</span> 
     </span>
     <span class='ocr_line' id='line_1_10' title="bbox 410 1418 1762 1534; baseline -0.001 -24"><span class='ocrx_word' id='word_1_70' title='bbox 410 1441 506 1512; x_wconf 89' lang='lat' dir='ltr'>rent</span> <span class='ocrx_word' id='word_1_71' title='bbox 533 1418 781 1530; x_wconf 85' lang='lat' dir='ltr'>hujusmodi</span> <span class='ocrx_word' id='word_1_72' title='bbox 809 1420 1025 1510; x_wconf 81' lang='lat' dir='ltr'>licenciam</span> <span class='ocrx_word' id='word_1_73' title='bbox 1048 1421 1293 1534; x_wconf 85' lang='lat' dir='ltr'>tribueret,</span> <span class='ocrx_word' id='word_1_74' title='bbox 1323 1450 1376 1509; x_wconf 89' lang='lat' dir='ltr'>ac</span> <span class='ocrx_word' id='word_1_75' title='bbox 1400 1421 1669 1510; x_wconf 76' lang='lat' dir='ltr'>Dostoratus</span> <span class='ocrx_word' id='word_1_76' title='bbox 1688 1419 1762 1508; x_wconf 85' lang='lat' dir='ltr'>seu</span> 
     </span>
     <span class='ocr_line' id='line_1_11' title="bbox 410 1535 1764 1654; baseline -0.001 -30"><span class='ocrx_word' id='word_1_77' title='bbox 410 1536 646 1654; x_wconf 83' lang='lat' dir='ltr'>Magisterij</span> <span class='ocrx_word' id='word_1_78' title='bbox 664 1541 882 1625; x_wconf 90' lang='lat' dir='ltr'>conferret</span> <span class='ocrx_word' id='word_1_79' title='bbox 902 1539 1129 1626; x_wconf 89' lang='lat' dir='ltr'>honorem.</span> <span class='ocrx_word' id='word_1_80' title='bbox 1192 1536 1266 1632; x_wconf 75' lang='lat' dir='ltr'>,llli</span> <span class='ocrx_word' id='word_1_81' title='bbox 1283 1564 1420 1646; x_wconf 90' lang='lat' dir='ltr'>vero,</span> <span class='ocrx_word' id='word_1_82' title='bbox 1482 1535 1528 1624; x_wconf 91' lang='lat' dir='ltr'>ui</span> <span class='ocrx_word' id='word_1_83' title='bbox 1546 1537 1588 1624; x_wconf 92' lang='lat' dir='ltr'>in</span> <span class='ocrx_word' id='word_1_84' title='bbox 1606 1536 1764 1624; x_wconf 90' lang='lat' dir='ltr'>eodem</span> 
     </span>
     <span class='ocr_line' id='line_1_12' title="bbox 409 1650 1787 1766; baseline -0.003 -26"><span class='ocrx_word' id='word_1_85' title='bbox 409 1653 565 1750; x_wconf 85' lang='lat' dir='ltr'>Studio</span> <span class='ocrx_word' id='word_1_86' title='bbox 588 1650 694 1740; x_wconf 77' lang='lat' dir='ltr'>ditle</span> <span class='ocrx_word' id='word_1_87' title='bbox 713 1652 820 1740; x_wconf 86' lang='lat' dir='ltr'>ville</span> <span class='ocrx_word' id='word_1_88' title='bbox 841 1655 1073 1742; x_wconf 81' lang='lat' dir='ltr'>examinati</span> <span class='ocrx_word' id='word_1_89' title='bbox 1092 1660 1134 1744; x_wconf 81' lang='lat' dir='ltr'>dc</span> <span class='ocrx_word' id='word_1_90' title='bbox 1152 1651 1376 1766; x_wconf 88' lang='lat' dir='ltr'>approbati</span> <span class='ocrx_word' id='word_1_91' title='bbox 1391 1652 1455 1739; x_wconf 86' lang='lat' dir='ltr'>sui</span> <span class='ocrx_word' id='word_1_92' title='bbox 1489 1669 1585 1766; x_wconf 85' lang='lat' dir='ltr'>ent,</span> <span class='ocrx_word' id='word_1_93' title='bbox 1617 1677 1669 1738; x_wconf 88' lang='lat' dir='ltr'>ac</span> <span class='ocrx_word' id='word_1_94' title='bbox 1687 1651 1761 1738; x_wconf 92' lang='lat' dir='ltr'>do·</span> <span class='ocrx_word' id='word_1_95' title='bbox 1783 1743 1787 1750; x_wconf 63' lang='grc'><strong>,</strong></span> 
     </span>
     <span class='ocr_line' id='line_1_13' title="bbox 409 1763 1763 1882; baseline -0.003 -26"><span class='ocrx_word' id='word_1_96' title='bbox 409 1768 532 1859; x_wconf 90' lang='lat' dir='ltr'>cendi</span> <span class='ocrx_word' id='word_1_97' title='bbox 549 1767 767 1856; x_wconf 88' lang='lat' dir='ltr'>licenciam</span> <span class='ocrx_word' id='word_1_98' title='bbox 787 1773 828 1855; x_wconf 78' lang='lat' dir='ltr'>dc</span> <span class='ocrx_word' id='word_1_99' title='bbox 844 1769 1058 1871; x_wconf 82' lang='lat' dir='ltr'>honorem</span> <span class='ocrx_word' id='word_1_100' title='bbox 1070 1767 1323 1882; x_wconf 85' lang='lat' dir='ltr'>hujusmodi</span> <span class='ocrx_word' id='word_1_101' title='bbox 1338 1765 1620 1878; x_wconf 82' lang='lat' dir='ltr'>obtinuissent</span> <span class='ocrx_word' id='word_1_102' title='bbox 1637 1781 1689 1854; x_wconf 91' lang='lat' dir='ltr'>ut</span> <span class='ocrx_word' id='word_1_103' title='bbox 1699 1763 1763 1852; x_wconf 91' lang='lat' dir='ltr'>est</span> 
     </span>
     <span class='ocr_line' id='line_1_14' title="bbox 408 1879 1764 1996; baseline -0.004 -21"><span class='ocrx_word' id='word_1_104' title='bbox 408 1883 566 1975; x_wconf 73' lang='lat' dir='ltr'>dictum</span> <span class='ocrx_word' id='word_1_105' title='bbox 585 1899 752 1970; x_wconf 83' lang='lat' dir='ltr'>extunc</span> <span class='ocrx_word' id='word_1_106' title='bbox 767 1886 933 1995; x_wconf 88' lang='lat' dir='ltr'>absque</span> <span class='ocrx_word' id='word_1_107' title='bbox 944 1885 1148 1974; x_wconf 81' lang='lat' dir='ltr'>examine</span> <span class='ocrx_word' id='word_1_108' title='bbox 1165 1885 1241 1971; x_wconf 88' lang='lat' dir='ltr'>vel</span> <span class='ocrx_word' id='word_1_109' title='bbox 1256 1883 1572 1996; x_wconf 79' lang='lat' dir='ltr'>approbatione</span> <span class='ocrx_word' id='word_1_110' title='bbox 1598 1879 1764 1996; x_wconf 85' lang='lat' dir='ltr'>aliare·</span> 
     </span>
     <span class='ocr_line' id='line_1_15' title="bbox 410 1996 1762 2115; baseline 0.005 -33"><span class='ocrx_word' id='word_1_111' title='bbox 410 1998 535 2113; x_wconf 89' lang='lat' dir='ltr'>gendi</span> <span class='ocrx_word' id='word_1_112' title='bbox 553 2002 594 2084; x_wconf 86' lang='lat'>&amp;</span> <span class='ocrx_word' id='word_1_113' title='bbox 616 1996 799 2084; x_wconf 89' lang='lat' dir='ltr'>docendi</span> <span class='ocrx_word' id='word_1_114' title='bbox 819 2013 909 2084; x_wconf 86' lang='lat' dir='ltr'>tam</span> <span class='ocrx_word' id='word_1_115' title='bbox 926 1998 969 2084; x_wconf 91' lang='lat' dir='ltr'>in</span> <span class='ocrx_word' id='word_1_116' title='bbox 986 1999 1093 2086; x_wconf 84' lang='lat' dir='ltr'>villa</span> <span class='ocrx_word' id='word_1_117' title='bbox 1116 1998 1334 2110; x_wconf 74' lang='lat' dir='ltr'>preditis,</span> <span class='ocrx_word' id='word_1_118' title='bbox 1363 1999 1559 2115; x_wconf 77' lang='lat' dir='ltr'>quam&#39;in</span> <span class='ocrx_word' id='word_1_119' title='bbox 1580 1999 1762 2113; x_wconf 89' lang='lat' dir='ltr'>quibus·</span> 
     </span>
     <span class='ocr_line' id='line_1_16' title="bbox 409 2110 1762 2230; baseline 0 -30"><span class='ocrx_word' id='word_1_120' title='bbox 409 2114 517 2207; x_wconf 92' lang='lat' dir='ltr'>libet</span> <span class='ocrx_word' id='word_1_121' title='bbox 532 2111 624 2220; x_wconf 77' lang='lat' dir='ltr'>alijs</span> <span class='ocrx_word' id='word_1_122' title='bbox 646 2110 807 2200; x_wconf 88' lang='lat' dir='ltr'>Studiis</span> <span class='ocrx_word' id='word_1_123' title='bbox 826 2113 1099 2227; x_wconf 81' lang='lat' dir='ltr'>generalibus</span> <span class='ocrx_word' id='word_1_124' title='bbox 1115 2113 1159 2199; x_wconf 89' lang='lat' dir='ltr'>in</span> <span class='ocrx_word' id='word_1_125' title='bbox 1178 2115 1337 2228; x_wconf 90' lang='lat' dir='ltr'>quibus</span> <span class='ocrx_word' id='word_1_126' title='bbox 1355 2115 1514 2204; x_wconf 91' lang='lat' dir='ltr'>uellent</span> <span class='ocrx_word' id='word_1_127' title='bbox 1530 2139 1679 2230; x_wconf 90' lang='lat' dir='ltr'>regere</span> <span class='ocrx_word' id='word_1_128' title='bbox 1688 2115 1762 2204; x_wconf 87' lang='lat' dir='ltr'>vel</span> 
     </span>
     <span class='ocr_line' id='line_1_17' title="bbox 410 2223 1785 2347; baseline -0.001 -29"><span class='ocrx_word' id='word_1_129' title='bbox 410 2229 569 2318; x_wconf 87' lang='lat' dir='ltr'>docere</span> <span class='ocrx_word' id='word_1_130' title='bbox 591 2223 820 2318; x_wconf 82' lang='lat' dir='ltr'>statutis&amp;</span> <span class='ocrx_word' id='word_1_131' title='bbox 839 2226 1215 2318; x_wconf 88' lang='lat' dir='ltr'>consuetudinibus</span> <span class='ocrx_word' id='word_1_132' title='bbox 1236 2231 1566 2347; x_wconf 86' lang='lat' dir='ltr'>quibuscunque</span> <span class='ocrx_word' id='word_1_133' title='bbox 1595 2247 1785 2338; x_wconf 47' lang='lat' dir='ltr'>contra&lt;</span> 
     </span>
     <span class='ocr_line' id='line_1_18' title="bbox 411 2341 1787 2458; baseline 0.001 -28"><span class='ocrx_word' id='word_1_134' title='bbox 411 2342 486 2452; x_wconf 83' lang='lat' dir='ltr'>&#39;rijs</span> <span class='ocrx_word' id='word_1_135' title='bbox 506 2341 831 2452; x_wconf 89' lang='lat' dir='ltr'>apostolicauel</span> <span class='ocrx_word' id='word_1_136' title='bbox 848 2368 1108 2458; x_wconf 87' lang='lat' dir='ltr'>quacunque</span> <span class='ocrx_word' id='word_1_137' title='bbox 1127 2343 1326 2433; x_wconf 87' lang='lat' dir='ltr'>firmitate</span> <span class='ocrx_word' id='word_1_138' title='bbox 1344 2347 1425 2435; x_wconf 90' lang='lat' dir='ltr'>alia</span> <span class='ocrx_word' id='word_1_139' title='bbox 1447 2345 1665 2436; x_wconf 89' lang='lat' dir='ltr'>roboratis</span> <span class='ocrx_word' id='word_1_140' title='bbox 1691 2371 1787 2450; x_wconf 76' lang='lat' dir='ltr'>ne-¹</span> 
     </span>
     <span class='ocr_line' id='line_1_19' title="bbox 413 2453 1764 2570; baseline 0.005 -29"><span class='ocrx_word' id='word_1_141' title='bbox 413 2480 635 2570; x_wconf 89' lang='lat' dir='ltr'>quaquam</span> <span class='ocrx_word' id='word_1_142' title='bbox 664 2453 933 2546; x_wconf 87' lang='lat' dir='ltr'>obstantibus</span> <span class='ocrx_word' id='word_1_143' title='bbox 950 2457 1126 2570; x_wconf 86' lang='lat' dir='ltr'>plenam·</span> <span class='ocrx_word' id='word_1_144' title='bbox 1149 2460 1352 2550; x_wconf 87' lang='lat' dir='ltr'>haberent</span> <span class='ocrx_word' id='word_1_145' title='bbox 1369 2469 1412 2557; x_wconf 81' lang='lat' dir='ltr'>dt</span> <span class='ocrx_word' id='word_1_146' title='bbox 1430 2465 1604 2552; x_wconf 89' lang='lat' dir='ltr'>liberam</span> <span class='ocrx_word' id='word_1_147' title='bbox 1628 2463 1764 2550; x_wconf 83' lang='lat' dir='ltr'>facul-</span> 
     </span>
     <span class='ocr_line' id='line_1_20' title="bbox 412 2569 1763 2688; baseline 0.006 -30"><span class='ocrx_word' id='word_1_148' title='bbox 412 2585 570 2680; x_wconf 88' lang='lat' dir='ltr'>tatem,</span> <span class='ocrx_word' id='word_1_149' title='bbox 589 2586 738 2684; x_wconf 86' lang='lat' dir='ltr'>¹prout</span> <span class='ocrx_word' id='word_1_150' title='bbox 759 2569 802 2658; x_wconf 90' lang='lat' dir='ltr'>in</span> <span class='ocrx_word' id='word_1_151' title='bbox 820 2571 917 2662; x_wconf 76' lang='lat' dir='ltr'>diui</span> <span class='ocrx_word' id='word_1_152' title='bbox 931 2571 1241 2688; x_wconf 81' lang='lat' dir='ltr'>predecessoris</span> <span class='ocrx_word' id='word_1_153' title='bbox 1258 2575 1414 2666; x_wconf 88' lang='lat' dir='ltr'>litteris</span> <span class='ocrx_word' id='word_1_154' title='bbox 1439 2577 1536 2668; x_wconf 89' lang='lat' dir='ltr'>inde</span> <span class='ocrx_word' id='word_1_155' title='bbox 1556 2571 1763 2666; x_wconf 67' lang='lat' dir='ltr'>consetur</span> 
     </span>
     <span class='ocr_line' id='line_1_21' title="bbox 413 2683 1764 2797; baseline 0.007 -27"><span class='ocrx_word' id='word_1_156' title='bbox 413 2683 584 2797; x_wconf 90' lang='lat' dir='ltr'>plenius</span> <span class='ocrx_word' id='word_1_157' title='bbox 603 2686 862 2776; x_wconf 90' lang='lat' dir='ltr'>continetur.</span> <span class='ocrx_word' id='word_1_158' title='bbox 919 2694 1033 2778; x_wconf 20' lang='lat' dir='ltr'>&#39;cum</span> <span class='ocrx_word' id='word_1_159' title='bbox 1051 2709 1191 2780; x_wconf 89' lang='lat' dir='ltr'>autern</span> <span class='ocrx_word' id='word_1_160' title='bbox 1206 2691 1321 2781; x_wconf 90' lang='lat' dir='ltr'>srcut</span> <span class='ocrx_word' id='word_1_161' title='bbox 1341 2693 1533 2786; x_wconf 81' lang='lat' dir='ltr'>exhibita</span> <span class='ocrx_word' id='word_1_162' title='bbox 1550 2693 1764 2782; x_wconf 90' lang='lat' dir='ltr'>nobisnu·</span> 
     </span>
     <span class='ocr_line' id='line_1_22' title="bbox 412 2802 1765 2920; baseline 0.009 -35"><span class='ocrx_word' id='word_1_163' title='bbox 412 2825 494 2913; x_wconf 89' lang='lat' dir='ltr'>per</span> <span class='ocrx_word' id='word_1_164' title='bbox 512 2825 596 2912; x_wconf 87' lang='lat' dir='ltr'>pro</span> <span class='ocrx_word' id='word_1_165' title='bbox 615 2819 741 2914; x_wconf 86' lang='lat' dir='ltr'>parte</span> <span class='ocrx_word' id='word_1_166' title='bbox 762 2802 901 2894; x_wconf 72' lang='lat' dir='ltr'>dilesli</span> <span class='ocrx_word' id='word_1_167' title='bbox 919 2806 995 2920; x_wconf 85' lang='lat' dir='ltr'>silij</span> <span class='ocrx_word' id='word_1_168' title='bbox 1020 2805 1197 2896; x_wconf 88' lang='lat' dir='ltr'>Nobilis</span> <span class='ocrx_word' id='word_1_169' title='bbox 1217 2807 1303 2894; x_wconf 84' lang='lat' dir='ltr'>viri</span> <span class='ocrx_word' id='word_1_170' title='bbox 1318 2811 1493 2900; x_wconf 83' lang='lat' dir='ltr'>Alberti</span> <span class='ocrx_word' id='word_1_171' title='bbox 1510 2809 1649 2900; x_wconf 85' lang='lat' dir='ltr'>Ducis</span> <span class='ocrx_word' id='word_1_172' title='bbox 1671 2813 1765 2906; x_wconf 78' lang='lat' dir='ltr'>,Au-</span> 
     </span>
     <span class='ocr_line' id='line_1_23' title="bbox 411 2912 1763 3038; baseline 0.006 -33"><span class='ocrx_word' id='word_1_173' title='bbox 411 2912 524 3006; x_wconf 73' lang='lat' dir='ltr'>stria</span> <span class='ocrx_word' id='word_1_174' title='bbox 546 2917 739 3030; x_wconf 87' lang='lat' dir='ltr'>germani</span> <span class='ocrx_word' id='word_1_175' title='bbox 764 2919 862 3008; x_wconf 78' lang='lat' dir='ltr'>didi</span> <span class='ocrx_word' id='word_1_176' title='bbox 889 2921 1114 3036; x_wconf 88' lang='lat' dir='ltr'>Rudolphi</span> <span class='ocrx_word' id='word_1_177' title='bbox 1137 2923 1277 3013; x_wconf 89' lang='lat' dir='ltr'>Ducis</span> <span class='ocrx_word' id='word_1_178' title='bbox 1299 2925 1458 3038; x_wconf 88' lang='lat' dir='ltr'>petitio</span> <span class='ocrx_word' id='word_1_179' title='bbox 1485 2927 1763 3035; x_wconf 85' lang='lat' dir='ltr'>continebat,</span> 
     </span>
     <span class='ocr_line' id='line_1_24' title="bbox 410 3029 1784 3155; baseline 0.017 -36"><span class='ocrx_word' id='word_1_180' title='bbox 410 3029 512 3145; x_wconf 90' lang='lat' dir='ltr'>post</span> <span class='ocrx_word' id='word_1_181' title='bbox 526 3029 738 3122; x_wconf 89' lang='lat' dir='ltr'>statutum</span> <span class='ocrx_word' id='word_1_182' title='bbox 753 3039 795 3121; x_wconf 77' lang='lat' dir='ltr'>dt</span> <span class='ocrx_word' id='word_1_183' title='bbox 808 3036 1123 3128; x_wconf 88' lang='lat' dir='ltr'>ordinationem</span> <span class='ocrx_word' id='word_1_184' title='bbox 1140 3041 1392 3151; x_wconf 73' lang='lat' dir='ltr'>huiusmodi</span> <span class='ocrx_word' id='word_1_185' title='bbox 1408 3041 1538 3154; x_wconf 85' lang='lat' dir='ltr'>ipsius</span> <span class='ocrx_word' id='word_1_186' title='bbox 1546 3039 1784 3155; x_wconf 76' lang='lat' dir='ltr'>predeces.</span> 
     </span>
     <span class='ocr_line' id='line_1_25' title="bbox 410 3145 1764 3278; baseline 0.008 -43"><span class='ocrx_word' id='word_1_187' title='bbox 410 3145 520 3278; x_wconf 81' lang='lat' dir='ltr'>soris</span> <span class='ocrx_word' id='word_1_188' title='bbox 538 3147 736 3238; x_wconf 86' lang='lat' dir='ltr'>Studium</span> <span class='ocrx_word' id='word_1_189' title='bbox 752 3153 946 3261; x_wconf 87' lang='lat' dir='ltr'>generale</span> <span class='ocrx_word' id='word_1_190' title='bbox 961 3153 1004 3238; x_wconf 89' lang='lat' dir='ltr'>in</span> <span class='ocrx_word' id='word_1_191' title='bbox 1025 3153 1225 3264; x_wconf 72' lang='lat' dir='ltr'>predistis</span> <span class='ocrx_word' id='word_1_192' title='bbox 1245 3157 1521 3246; x_wconf 80' lang='lat' dir='ltr'>facultatibus</span> <span class='ocrx_word' id='word_1_193' title='bbox 1547 3159 1589 3246; x_wconf 93' lang='lat' dir='ltr'>in</span> <span class='ocrx_word' id='word_1_194' title='bbox 1615 3162 1764 3252; x_wconf 89' lang='lat' dir='ltr'>eadem</span> 
     </span>
     <span class='ocr_line' id='line_1_26' title="bbox 412 3261 1783 3382; baseline 0.01 -34"><span class='ocrx_word' id='word_1_195' title='bbox 412 3263 520 3352; x_wconf 87' lang='lat' dir='ltr'>vrlla</span> <span class='ocrx_word' id='word_1_196' title='bbox 544 3261 835 3352; x_wconf 78' lang='lat' dir='ltr'>introdustum</span> <span class='ocrx_word' id='word_1_197' title='bbox 861 3291 940 3378; x_wconf 88' lang='lat' dir='ltr'>per</span> <span class='ocrx_word' id='word_1_198' title='bbox 964 3266 1051 3356; x_wconf 90' lang='lat' dir='ltr'>Dei</span> <span class='ocrx_word' id='word_1_199' title='bbox 1069 3269 1250 3382; x_wconf 88' lang='lat' dir='ltr'>gratiam</span> <span class='ocrx_word' id='word_1_200' title='bbox 1274 3273 1474 3362; x_wconf 86' lang='lat' dir='ltr'>felicibus</span> <span class='ocrx_word' id='word_1_201' title='bbox 1508 3274 1783 3364; x_wconf 82' lang='lat' dir='ltr'>suceeffibus</span> 
     </span>
     <span class='ocr_line' id='line_1_27' title="bbox 411 3373 1785 3504; baseline 0.012 -42"><span class='ocrx_word' id='word_1_202' title='bbox 411 3373 548 3490; x_wconf 86' lang='lat' dir='ltr'>usque</span> <span class='ocrx_word' id='word_1_203' title='bbox 567 3379 622 3468; x_wconf 90' lang='lat' dir='ltr'>ad</span> <span class='ocrx_word' id='word_1_204' title='bbox 637 3381 839 3472; x_wconf 89' lang='lat' dir='ltr'>moderna</span> <span class='ocrx_word' id='word_1_205' title='bbox 852 3397 1055 3494; x_wconf 88' lang='lat' dir='ltr'>tempora</span> <span class='ocrx_word' id='word_1_206' title='bbox 1070 3383 1232 3496; x_wconf 91' lang='lat' dir='ltr'>semper</span> <span class='ocrx_word' id='word_1_207' title='bbox 1252 3389 1304 3476; x_wconf 93' lang='lat' dir='ltr'>de</span> <span class='ocrx_word' id='word_1_208' title='bbox 1323 3391 1440 3476; x_wconf 94' lang='lat' dir='ltr'>bono</span> <span class='ocrx_word' id='word_1_209' title='bbox 1449 3389 1492 3476; x_wconf 91' lang='lat' dir='ltr'>in</span> <span class='ocrx_word' id='word_1_210' title='bbox 1503 3393 1657 3480; x_wconf 89' lang='lat' dir='ltr'>melius</span> <span class='ocrx_word' id='word_1_211' title='bbox 1670 3417 1762 3504; x_wconf 89' lang='lat' dir='ltr'>per-</span> <span class='ocrx_word' id='word_1_212' title='bbox 1781 3488 1785 3494; x_wconf 60' lang='grc'><em>,</em></span> 
     </span>
     <span class='ocr_line' id='line_1_28' title="bbox 412 3488 1762 3618; baseline 0.014 -43"><span class='ocrx_word' id='word_1_213' title='bbox 412 3488 607 3578; x_wconf 86' lang='lat' dir='ltr'>severans</span> <span class='ocrx_word' id='word_1_214' title='bbox 623 3492 1092 3605; x_wconf 76' lang='lat' dir='ltr'>multipliciterautlum</span> <span class='ocrx_word' id='word_1_215' title='bbox 1102 3497 1156 3587; x_wconf 80' lang='lat' dir='ltr'>snt</span> <span class='ocrx_word' id='word_1_216' title='bbox 1166 3503 1273 3590; x_wconf 90' lang='lat' dir='ltr'>adeo</span> <span class='ocrx_word' id='word_1_217' title='bbox 1290 3507 1412 3618; x_wconf 90' lang='lat' dir='ltr'>quod</span> <span class='ocrx_word' id='word_1_218' title='bbox 1420 3507 1647 3598; x_wconf 73' lang='lat' dir='ltr'>retroaslis</span> <span class='ocrx_word' id='word_1_219' title='bbox 1656 3525 1762 3598; x_wconf 86' lang='lat' dir='ltr'>tem-</span> 
     </span>
    </p>
   </div>
   <div class='ocr_carea' id='block_1_3' title="bbox 410 3601 1766 4178">
    <p class='ocr_par' dir='ltr' id='par_1_3' title="bbox 410 3601 1763 4080">
     <span class='ocr_line' id='line_1_29' title="bbox 411 3601 1762 3734; baseline 0.016 -47"><span class='ocrx_word' id='word_1_220' title='bbox 411 3601 593 3734; x_wconf 83' lang='lat' dir='ltr'>poribus</span> <span class='ocrx_word' id='word_1_221' title='bbox 619 3608 742 3696; x_wconf 88' lang='lat' dir='ltr'>multi</span> <span class='ocrx_word' id='word_1_222' title='bbox 759 3609 909 3720; x_wconf 83' lang='lat' dir='ltr'>eximij</span> <span class='ocrx_word' id='word_1_223' title='bbox 925 3611 1140 3702; x_wconf 88' lang='lat' dir='ltr'>ineisdem</span> <span class='ocrx_word' id='word_1_224' title='bbox 1158 3617 1431 3708; x_wconf 88' lang='lat' dir='ltr'>facultatibus</span> <span class='ocrx_word' id='word_1_225' title='bbox 1450 3623 1646 3734; x_wconf 74' lang='lat' dir='ltr'>prouesti</span> <span class='ocrx_word' id='word_1_226' title='bbox 1664 3622 1762 3712; x_wconf 89' lang='lat' dir='ltr'>inde</span> 
     </span>
     <span class='ocr_line' id='line_1_30' title="bbox 411 3719 1763 3852; baseline 0.016 -49"><span class='ocrx_word' id='word_1_227' title='bbox 411 3719 665 3833; x_wconf 75' lang='lat' dir='ltr'>proderant</span> <span class='ocrx_word' id='word_1_228' title='bbox 683 3725 954 3832; x_wconf 77' lang='lat' dir='ltr'>&amp;prodeunt</span> <span class='ocrx_word' id='word_1_229' title='bbox 971 3729 1133 3820; x_wconf 86' lang='lat' dir='ltr'>cotidie</span> <span class='ocrx_word' id='word_1_230' title='bbox 1155 3737 1210 3824; x_wconf 91' lang='lat' dir='ltr'>ad</span> <span class='ocrx_word' id='word_1_231' title='bbox 1226 3756 1426 3848; x_wconf 90' lang='lat' dir='ltr'>magnum</span> <span class='ocrx_word' id='word_1_232' title='bbox 1441 3743 1582 3844; x_wconf 84' lang='lat' dir='ltr'>decus</span> <span class='ocrx_word' id='word_1_233' title='bbox 1610 3746 1653 3827; x_wconf 81' lang='lat' dir='ltr'>dc</span> <span class='ocrx_word' id='word_1_234' title='bbox 1668 3764 1763 3852; x_wconf 89' lang='lat' dir='ltr'>pre·</span> 
     </span>
     <span class='ocr_line' id='line_1_31' title="bbox 410 3831 1763 3968; baseline 0.008 -45"><span class='ocrx_word' id='word_1_235' title='bbox 410 3831 562 3924; x_wconf 86' lang='lat' dir='ltr'>fidium</span> <span class='ocrx_word' id='word_1_236' title='bbox 582 3834 829 3929; x_wconf 81' lang='lat' dir='ltr'>uniuersalis</span> <span class='ocrx_word' id='word_1_237' title='bbox 847 3841 1145 3934; x_wconf 70' lang='lat' dir='ltr'>malefieurei</span> <span class='ocrx_word' id='word_1_238' title='bbox 1160 3850 1351 3963; x_wconf 86' lang='lat' dir='ltr'>publice,</span> <span class='ocrx_word' id='word_1_239' title='bbox 1373 3857 1424 3939; x_wconf 86' lang='lat' dir='ltr'>ac</span> <span class='ocrx_word' id='word_1_240' title='bbox 1443 3856 1494 3942; x_wconf 94' lang='lat' dir='ltr'>ad</span> <span class='ocrx_word' id='word_1_241' title='bbox 1511 3853 1681 3968; x_wconf 88' lang='lat' dir='ltr'>presens</span> <span class='ocrx_word' id='word_1_242' title='bbox 1698 3859 1763 3942; x_wconf 54' lang='lat' dir='ltr'>so,</span> 
     </span>
     <span class='ocr_line' id='line_1_32' title="bbox 411 3951 1763 4080; baseline 0.017 -40"><span class='ocrx_word' id='word_1_243' title='bbox 411 3951 535 4042; x_wconf 81' lang='lat' dir='ltr'>lenna</span> <span class='ocrx_word' id='word_1_244' title='bbox 555 3956 597 4047; x_wconf 81' lang='lat' dir='ltr'>dr</span> <span class='ocrx_word' id='word_1_245' title='bbox 613 3957 819 4074; x_wconf 77' lang='lat' dir='ltr'>hequem</span> <span class='ocrx_word' id='word_1_246' title='bbox 845 3958 1027 4076; x_wconf 79' lang='lat' dir='ltr'>existat,</span> <span class='ocrx_word' id='word_1_247' title='bbox 1056 3981 1268 4080; x_wconf 85' lang='lat' dir='ltr'>proparte</span> <span class='ocrx_word' id='word_1_248' title='bbox 1286 3963 1418 4079; x_wconf 86' lang='lat' dir='ltr'>ipsius</span> <span class='ocrx_word' id='word_1_249' title='bbox 1433 3969 1603 4077; x_wconf 76' lang='lat' dir='ltr'>Alberti</span> <span class='ocrx_word' id='word_1_250' title='bbox 1621 3967 1763 4062; x_wconf 85' lang='lat' dir='ltr'>Ducis</span> 
     </span>
    </p>

    <p class='ocr_par' dir='ltr' id='par_1_4' title="bbox 477 4083 1766 4178">
     <span class='ocr_line' id='line_1_33' title="bbox 1637 4083 1766 4178; baseline 0.019 -7.502"><span class='ocrx_word' id='word_1_251' title='bbox 1637 4083 1766 4178; x_wconf 80' lang='lat' dir='ltr'>nobis</span> 
     </span>
    </p>
   </div>
   <div class='ocr_carea' id='block_1_4' title="bbox 0 0 1894 4944">
    <p class='ocr_par' dir='ltr' id='par_1_5' title="bbox 0 0 1894 4944">
     <span class='ocr_line' id='line_1_34' title="bbox 0 0 1894 4944; baseline 0 0"><span class='ocrx_word' id='word_1_252' title='bbox 0 0 1894 4944; x_wconf 95' lang='lat' dir='ltr'> </span> 
     </span>
    </p>
   </div>
  </div>
 </body>
</html>
