3770 4944
503 374 608 500 ‚dd
666 373 733 491 b<
764 404 792 464 0
823 376 888 495 l(
947 371 1031 494 aa
1392 397 1448 495 as

101 573 294 696 qualibet
322 568 437 660 licita
464 573 701 678 facultate,
738 587 788 662 ut
814 573 970 666 ibidem
990 577 1097 666 fides
1116 575 1327 667 catholica
1347 577 1448 670 dila-

88 695 294 802 taretur,
325 689 589 778 erudirentur
616 687 868 801 simplices,
899 690 1070 805 equitas
1088 689 1355 805 seruaretur,
1384 695 1447 786 iu·

100 807 198 914 dici]
222 800 432 893 cresceret
452 804 565 892 ratio
595 811 636 894 dt
662 804 899 894 intellesius
945 807 1170 896 hominum
1201 825 1447 924 augeretur,

97 922 213 1010 idem
231 915 500 1034 predecessor
517 917 712 1031 premissa
734 948 783 1006 ac
799 921 927 1008 etiam
947 923 1105 1010 eximie
1125 922 1226 1012 fidei
1251 929 1292 1012 dr
1317 925 1449 1012 deuo·

95 1036 225 1123 tionis
244 1031 549 1140 srnceritatem,
580 1061 711 1149 quam
738 1049 824 1122 tam
849 1035 936 1149 ipse
963 1038 1105 1150 Dux,
1137 1065 1268 1152 quam
1289 1037 1448 1154 Proge-

96 1151 266 1240 nitores
285 1147 348 1238 sui
365 1149 513 1238 Duces
532 1148 703 1238 flustrie
723 1153 774 1241 ad
785 1149 974 1240 Santtam
984 1153 1219 1240 Romanam
1229 1149 1449 1242 ecclesiam

95 1260 305 1381 gesserant
319 1283 455 1378 prout
474 1263 587 1354 idem
611 1265 720 1353 Dux
739 1269 913 1381 gerebat
932 1283 1094 1357 attente
1115 1267 1380 1358 considerans
1406 1276 1450 1360 δι

94 1387 320 1470 ferventer
336 1376 530 1468 affectans
551 1383 672 1497 quod
692 1379 896 1470 Ducatus
926 1389 968 1472 dt
986 1383 1094 1472 villa
1121 1381 1297 1496 predilli
1322 1381 1450 1470 scien·

95 1497 253 1585 tiaram
280 1495 526 1583 muneribus
556 1495 892 1608 ampliarentur,
928 1514 983 1586 ut
1008 1500 1133 1589 viros
1157 1499 1450 1612 producerent

93 1610 254 1721 confilij
273 1609 521 1698 maturitate
551 1607 808 1724 conspicuos
831 1673 846 1720 ,
887 1611 1106 1701 virtutum
1131 1613 1356 1702 redimitos
1379 1639 1450 1702 or-

93 1726 292 1836 natibus,
324 1753 374 1812 ac
393 1721 653 1812 diuersarum
673 1725 924 1812 facultatum
943 1726 1214 1837 dogmatibus
1233 1728 1449 1836 eruditoS,

94 1838 290 1955 essetque
307 1837 367 1926 ibi
382 1835 648 1952 scientiarum
662 1841 759 1926 fons
779 1835 992 1952 irriguus,
1032 1837 1084 1926 de
1114 1835 1238 1948 cuius
1263 1839 1449 1950 plenitu-

94 1957 191 2050 dine
208 1953 429 2044 haurirent
447 1951 631 2044 uniuersr
650 1951 870 2041 literarum
900 1950 1121 2064 cupientes
1149 1951 1285 2041 imbui
1314 1955 1451 2045 docu-

94 2069 275 2179 mentis,
306 2070 385 2182 hijs
409 2086 540 2183 atque
566 2065 660 2178 aliis
690 2066 882 2182 diligenti
909 2065 1231 2154 examinatione
1262 2065 1449 2178 pensatis

96 2191 150 2280 de
176 2193 356 2275 fratrum
382 2181 557 2270 suorum
588 2181 719 2270 sanste
745 2183 952 2270 Romane.
967 2178 1144 2269 ecclesie
1163 2181 1450 2275 Cardinalium

96 2301 277 2394 consrlio
299 2297 549 2390 auctoritate
569 2295 807 2410 apostolica
826 2295 976 2388 statuit
999 2301 1040 2384 δι
1058 2296 1188 2387 etiam
1206 2295 1448 2411 ordinauit,

96 2419 208 2510 utin
223 2413 329 2510 dista
346 2413 454 2508 villa
473 2413 526 2504 de
546 2429 697 2504 cetero
726 2409 832 2501 esset
860 2411 1057 2504 Studium
1084 2411 1298 2528 generale,
1325 2412 1450 2510 illud·

95 2563 187 2652 que
208 2527 428 2646 perpetuis
445 2528 716 2640 temporibus
732 2527 831 2616 inibi
843 2527 1011 2644 uigeret
1026 2544 1117 2617 tam
1142 2526 1186 2614 in
1201 2525 1308 2616 iuris
1323 2555 1449 2620 cano·

58 2673 62 2680 ·
95 2652 182 2740 nici
208 2643 409 2736 &ciuilis
437 2669 566 2756 quam
587 2642 631 2728 in
659 2643 739 2730 alia
764 2643 956 2758 qualibet
976 2641 1137 2730 licitam
1168 2657 1448 2757 preterquam

96 2769 143 2855 in
166 2756 433 2873 Theologica
458 2757 694 2860 facultate,
724 2762 765 2845 dt
793 2759 914 2886 quod
942 2757 1130 2872 legentes
1159 2761 1200 2844 &
1228 2753 1448 2850 studentes

95 2881 255 2972 ibidem
274 2872 472 2965 omnibus
483 2870 758 3077 Rriuilegfisr
796 2871 1072 2966 libertatibus
1101 2877 1143 2962 u
1168 2869 1446 2964 immunitati.

95 3003 176 3089 bus
194 2989 398 3084 concellrs
421 2991 480 3078 do
522 2985 673 3078 oribus
686 2983 927 3105 legentibus
950 2985 996 3076 in
1023 2984 1185 3102 quouis
1202 2987 1359 3078 Studio
1378 3015 1447 3104 ge.

95 3109 229 3206 nerali
247 3109 480 3226 gauderent
498 3108 540 3190 &
556 3101 814 3215 potirentur,
835 3101 1041 3217 quodque
1060 3102 1154 3215 illl,
1183 3103 1261 3218 qui
1277 3101 1449 3215 proces·

93 3230 142 3322 su
161 3247 248 3318 tem
282 3221 429 3311 oribus
447 3218 642 3308 braoium
662 3211 908 3306 meruissent
924 3216 1057 3306 inilia
1072 3217 1281 3308 facultate
1299 3215 1342 3303 in
1361 3243 1449 3352 qua

92 3251 343 3435 studuisent
363 3335 591 3442 obtinere,
630 3330 795 3450 srbique
822 3333 1004 3426 docendi
1033 3332 1244 3466 licentiam
1268 3347 1317 3418 ut
1337 3333 1449 3423 allos

94 3449 267 3548 erudire
284 3453 499 3558 ualerent,
528 3478 578 3538 ac
595 3447 861 3538 Dostoratus
883 3445 957 3537 seu
979 3446 1216 3566 Magisterrj
1235 3447 1450 3538 honorem

95 3563 346 3690 petivissent
370 3566 534 3682 elargiri
559 3591 637 3677 per
669 3562 888 3652 Doilores
913 3561 985 3653 seu
1013 3563 1253 3654 Dotlorem
1277 3589 1326 3652 ac
1353 3565 1451 3653 Ma·

99 3686 256 3806 gistros
276 3681 351 3770 seu
368 3679 622 3794 Magistrum
639 3677 758 3766 illius
779 3678 997 3774 facultatis
1015 3677 1059 3767 in
1084 3707 1171 3798 qua
1186 3680 1449 3778 examinatio

96 3796 240 3894 fuisset
270 3794 465 3887 facienda
489 3789 715 3902 Preposrto
752 3793 926 3888 ecclesie
957 3795 1162 3888 Omnium
1198 3797 1448 3888 Sandorum

99 3915 209 4009 dille
224 3913 343 4024 uilla,
365 3909 443 4026 qui
464 3903 569 3998 esset
585 3929 668 4021 pro
684 3921 906 4022 tempore,
936 3913 1011 4000 vel
1029 3911 1298 4026 prepositura
1317 3908 1448 4042 ipsius

99 4025 281 4128 ‘ecclesie
297 4044 473 4124 uacaute
496 4021 585 4140 illi,
617 4021 694 4140 qui
719 4023 779 4236 a}
788 4021 875 4112 boc
892 4051 972 4144 per
990 4027 1168 4128 dileltos
1183 4029 1301 4128 filios
1304 4027 1446 4234 tglapr·
