3770 4944
416 308 474 406 aa
861 293 943 424 bd
1001 293 1222 418 Μῦν(
1277 295 1360 437 ab

418 501 572 622 gisttos
589 495 663 594 seu
684 491 941 616 Magistrum
959 503 1075 594 illius
1092 502 1342 624 facultatis,
1383 498 1427 588 in
1446 523 1534 617 qua
1548 502 1779 592 examina·

418 621 488 709 tio
506 619 639 736 fuerit
662 617 894 730 facienda,
924 615 1151 734 Preposrto
1176 615 1369 710 Ecclesre
1401 613 1595 704 omnium
1612 616 1777 708 sanilo-

421 763 518 827 rum
536 733 643 826 dide
660 733 801 848 ville,
833 733 911 852 qui
922 761 1006 850 pro
1026 751 1226 852 tempore
1242 732 1375 824 fuerit
1392 793 1410 843 ,
1436 729 1513 820 vel
1529 732 1779 848 preposrtu·

425 881 471 943 ra
489 847 623 966 ipfius
647 849 838 942 Ecclelie
852 867 1034 940 vacante
1052 849 1142 964 illi,
1172 851 1249 970 qui
1270 851 1322 940 ad
1335 848 1421 936 hoc
1438 871 1516 962 per
1533 845 1710 940 dileslos
1731 850 1780 938 sl·

422 967 508 1061 lios
529 965 765 1080 capitulum
793 965 982 1077 ejusdem
1009 964 1202 1058 Ecclesre
1225 969 1455 1082 deputatus
1482 963 1648 1078 fuerit,
1678 991 1776 1080 pre·

345 1107 347 1114 ·
424 1081 655 1175 sententur.
714 1083 835 1174 Idem
855 1108 1036 1200 quoque
1053 1079 1330 1197 prepositus,
1360 1093 1436 1167 aut
1452 1078 1711 1193 deputatus,
1727 1099 1779 1172 ut

425 1205 675 1316 prefertur,
703 1195 968 1288 Doiioribus
994 1203 1036 1286 br
1063 1195 1283 1329 Magistris
1309 1197 1351 1285 in
1376 1195 1522 1286 eadem
1546 1197 1780 1308 facultate,

428 1315 525 1406 natu
542 1309 646 1400 inibi
662 1309 907 1428 regentibus
928 1328 1224 1423 convocans,
1254 1311 1355 1401 illos
1374 1311 1415 1400 in
1431 1309 1538 1424 hijs,
1568 1339 1657 1428 que
1669 1313 1783 1402 circa

428 1429 763 1562 promovendos
797 1429 849 1519 ad
875 1427 1162 1562 dolioratus,
1202 1428 1276 1560 seu
1303 1424 1543 1544 Magisterii
1569 1429 1782 1516 honorem

429 1557 740 1780 tibitibi?
754 1539 1783 1778 listallirtl}lrltlbllitlalttt

430 1773 694 1880 servantur,
721 1775 968 1868 examinare
984 1775 1151 1866 studeat
1166 1774 1420 1896 diligenter,
1451 1775 1632 1888 eisque,
1671 1773 1706 1862 sr
1732 1767 1783 1862 ud

431 1891 520 1980 lroc
536 1888 795 1982 sufficientes
820 1898 862 1984 dr
886 1891 1051 2006 ydonei
1066 1892 1231 2004 reperti
1246 1891 1430 2002 fuerint,
1460 1889 1710 2000 husjusmodi
1739 1891 1784 1977 li·

433 2005 618 2096 centiam
635 2006 827 2120 tribuat,
858 2005 1256 2096 &Dotloratusseu
1265 2003 1784 2122 MagisteriJconseratho·

434 2147 612 2232 norem,
640 2119 703 2206 illi
718 2145 834 2208 vero
852 2121 929 2237 qui
948 2121 992 2209 in
1011 2119 1167 2210 eodem
1186 2119 1330 2210 studio
1349 2121 1460 2212 diste
1489 2119 1595 2210 ville
1623 2121 1781 2210 exami-

436 2233 551 2348 nati,
582 2241 624 2325 δι
640 2234 867 2349 approbati
884 2238 1064 2341 fuerint,
1093 2263 1143 2322 ac
1161 2233 1348 2326 docendi
1364 2233 1606 2350 licentiam,
1643 2242 1684 2326 δι
1704 2239 1783 2326 bo·
1865 2305 1866 2308 κ

303 2377 306 2384 ’
437 2378 588 2442 norem
606 2351 859 2463 hujusmodi
878 2349 1170 2456 obtinuerint,
1201 2371 1252 2441 ut
1275 2351 1340 2440 est
1369 2351 1564 2466 ditium,
1593 2377 1650 2442 ex
1677 2368 1786 2442 tunc

439 2471 604 2582 absque
621 2467 846 2576 examine,
876 2463 1243 2582 &approbatione
1267 2467 1346 2558 alia
1364 2469 1538 2670 regendi
1553 2471 1604 2572 ‚lt
1619 2465 1786 2556 docen-

440 2580 589 2670 ditem
608 2579 650 2669 in
668 2579 1009 2694 villapredicla,
1039 2609 1169 2700 quam
1194 2579 1367 2700 singulis
1395 2583 1488 2672 aiis
1515 2583 1782 2701 generalibus

439 2693 623 2806 studiis,
643 2695 862 2813 inquibus
881 2699 1107 2789 voluerint
1130 2763 1147 2810 ,
1175 2723 1360 2816 regere,
1395 2700 1470 2787 vel
1488 2699 1648 2790 docere
1669 2763 1685 2814 ,
1708 2699 1785 2786 sta·

434 2811 575 2925 tutis,
603 2817 645 2902 δι
661 2811 1040 2904 consuetudinibus
1071 2815 1402 2932 quibuscunque
1435 2814 1655 2926 contrariis
1684 2842 1787 2928 apo·

433 2923 614 3038 stoica,
641 2928 719 3017 vel
736 2927 995 3047 quacunque
1013 2925 1221 3020 firmitate
1240 2929 1320 3020 alia
1337 2929 1509 3020 vallatis
1518 2957 1661 3046 nequa
1693 2955 1789 3020 uam

440 3041 708 3135 obstantibus
729 3047 896 3156 plenam
913 3055 954 3137 dr
970 3045 1146 3136 liberam
1164 3047 1348 3138 habeant
1364 3049 1623 3136 facultatem.
1729 3047 1792 3136 ul·

441 3157 474 3248 li
496 3185 602 3280 ergo
620 3158 799 3250 omnino
813 3161 1038 3252 hominurn
1058 3161 1188 3253 liceat
1203 3163 1312 3252 hanc
1327 3163 1519 3282 paginam
1536 3161 1678 3253 nostre
1690 3191 1790 3252 con·

343 3289 348 3300 '
441 3273 711 3390 stitutioniS,
738 3277 1081 3370 &ordinationis
1104 3278 1356 3395 infringere,
1392 3283 1469 3370 vel
1488 3279 1529 3368 ei
1547 3277 1790 3368 ausuteme·

416 3485 418 3490 ,
442 3391 558 3481 rario
576 3393 805 3483 contraire.
865 3391 1030 3509 siquis
1050 3410 1192 3484 autem
1215 3396 1303 3485 hoc
1323 3411 1580 3510 attemptare
1601 3391 1790 3510 presum-

442 3509 602 3618 pserit,
618 3509 951 3626 indignationem
972 3505 1277 3624 omnipotentis
1294 3509 1401 3620 Dei,
1424 3509 1703 3622 &beatorum
1711 3513 1790 3602 Pe·

446 3617 536 3728 tri,
564 3627 606 3712 δι
633 3625 756 3714 Pauli
782 3623 1099 3742 Apostolorum
1123 3625 1214 3738 ejus
1242 3623 1283 3715 se
1307 3625 1484 3720 noverit
1508 3625 1785 3718 incursurum.

445 3733 609 3826 Datum
626 3739 849 3834 Avinione
868 3739 1017 3832 Xllll.
1036 3741 1132 3833 Kal.
1147 3739 1251 3866 Julii
1267 3741 1792 3839 Pontificatusnosulnn

444 3876 505 3954 no
520 3851 669 3948 tertio.

1590 4018 1789 4156 BUL·
