3770 4944
409 371 491 470 φρ
822 329 905 453 re
960 331 1082 461 iro
1111 277 1182 446 >r
1235 327 1324 451 aa

402 569 474 648 re,
502 531 629 644 naso,
654 533 735 632 ,vel
751 529 899 647 aliquo
919 528 1098 618 aliorum
1118 529 1409 618 membrorum
1419 524 1601 627 suorum
1629 526 1774 640 priua·

404 655 547 760 verit,
575 653 692 748 Idem
734 675 816 760 pro
845 673 900 747 eo
936 643 1242 756 deprehensus,
1301 648 1495 734 membru
1525 643 1767 754 consimili,

405 799 496 888 quo
516 763 711 882 priuauit
730 760 986 878 Magistrum
1012 758 1090 876 uel
1107 757 1360 874 Studentem
1394 757 1675 872 hujusmodi,
1706 761 1770 858 est

403 885 694 990 truncandus,
725 877 801 967 nisr
820 879 865 968 id
881 875 1016 992 ipsum
1036 877 1277 974 membrum
1295 892 1470 967 centum
1486 871 1688 964 Marchis
1700 903 1765 964 ar·

403 993 796 1211 fentiWiennensrs
816 990 1018 1106 ponderis
1039 989 1234 1102 redimat,
1257 991 1453 1105 Quarum
1471 987 1683 1084 medietas
1707 991 1765 1080 le·

421 1148 451 1209 0

461 1117 712 1219 tribuatur,
744 1107 933 1223 Reliqua
951 1133 1064 1195 vero
1082 1106 1288 1204 medietas
1310 1107 1424 1197 inter
1446 1128 1528 1199 uos
1558 1104 1764 1200 &distem

403 1227 742 1328 Vniuerfitatem
761 1221 971 1343 equaliter
988 1219 1213 1325 diuidatur.
1235 1223 1334 1316 Vbi
1360 1247 1501 1328 vem,
1530 1219 1762 1314 mutilatur

403 1351 480 1442 vel
509 1361 737 1440 truncatur
766 1337 946 1429 membri
968 1335 1234 1450 prebabirus,
1263 1339 1377 1424 bona
1416 1337 1573 1426 babens
1605 1335 1763 1426 immo·

402 1463 530 1570 bilia,
563 1462 670 1564 ausu
698 1456 826 1544 iendo
845 1449 1047 1562 euaserit,
1080 1450 1225 1565 predia
1253 1452 1368 1540 illius
1392 1457 1433 1540 &
1451 1448 1651 1564 propria,
1678 1479 1759 1542 no·

401 1578 470 1676 bis
489 1582 531 1664 de
545 1571 652 1664 diere
670 1477 959 1670 irritantur
978 1565 1019 1652 in
1037 1585 1158 1681 parte
1178 1570 1332 1660 cedant
1361 1566 1532 1660 dimidie
1563 1630 1579 1678 ‚
1608 1571 1652 1656 dr
1669 1567 1759 1658 lesu

402 1692 573 1805 reliqua
590 1688 810 1779 tribuatur
830 1683 1059 1790 medietas,
1091 1685 1145 1775 ad
1168 1684 1351 1797 graciam
1372 1679 1556 1774 rostram
1584 1696 1640 1770 vt
1667 1709 1762 1796 pre·

401 1813 558 1902 fertur.
610 1803 822 1916 Idemqve
842 1803 901 1902 ob
923 1815 1200 1910 prenotatum
1218 1796 1461 1907 excelsum,
1492 1794 1761 1912 proscriptus

405 1927 448 2012 dr
465 1921 746 2031 deportatus,
777 1917 827 2000 ab
849 1911 1048 2000 omnibus
1067 1911 1251 2025 nostris,
1283 1913 1580 2026 &nostrorum
1593 1913 1741 2004 Terris

406 2031 448 2135 dr
466 2029 739 2124 Distrietibus
750 2025 841 2118 effe
851 2031 1002 2134 debet,
1032 2030 1199 2149 absqve
1218 2027 1289 2144 spe
1299 2027 1392 2119 vlla
1410 2029 1618 2122 redeundi
1637 2093 1654 2141 ,
1683 1979 1760 2118 nili

405 2146 525 2262 prius
544 2141 958 2259 nostram'graciam,
989 2149 1032 2234 dr
1049 2139 1143 2248 lefi,
1175 2171 1226 2234 ac
1247 2143 1554 2242 Vniuersrtatis
1576 2144 1762 2258 preditis

405 2266 602 2370 fauorem
621 2266 666 2350 de
682 2259 930 2368 licenciam,
959 2258 1344 2380 obtiriueritlsuper
1362 2288 1431 2350 eo.
1476 2301 1486 2379 3
1514 2259 1633 2350 Diui
1646 2287 1762 2370 veru

405 2373 607 2474 err-celius
643 2393 939 2488 perpetratror
966 2373 1049 2489 ‚tsi
1081 2373 1209 2483 leuo,
1260 2375 1534 2492 Rybaldus,
1568 2377 1663 2466 ..vel
1689 2377 1766 2466 ali·

439 2494 508 2582 uis
533 2510 673 2602 vagus
704 2490 863 2586 nullam
892 2495 1068 2587 certam:
1093 2491 1256 2582 habens
1275 2491 1577 2603 reddendam,
1603 2491 1765 2598 luerit,

352 2637 357 2648 ’
405 2521 573 2714 ἓεὺεῑ,
604 2607 716 2716 petre
742 2603 1079 2720 proscriptionis
1107 2605 1181 2698 seu
1209 2606 1526 2698 exclufionisa
1543 2606 1702 2698 nostris
1725 2614 1766 2698 dr

406 2720 656 2816 austrorum
676 2718 827 2810 Terris
841 2724 1017 2837 absqve
1047 2721 1167 2812 bmni
1191 2724 1363 2839 gracia,
1392 2739 1608 2836 perpetuo
1636 2724 1767 2834 subja

408 2863 523 2944 aere,
552 2833 793 2946 priuandus'
804 2841 1001 2928 membro
1011 2833 1159 2948 simili,
1189 2837 1766 2954 absqv'eomniredempcio·

238 2955 240 2960 ’
406 2953 477 3046 ais
512 2977 541 3036 ο
575 2975 635 3058 e,
665 2977 757 3066 quo
781 2949 1094 3046 Vniuersrtatis
1124 2953 1318 3044 destituit
1344 2953 1552 3052 clericum
1570 2953 1649 3067 „sr
1669 2953 1768 3067 post

407 3081 518 3162 exce
552 3089 626 3152 um
649 3065 932 3178 hujusmodi,
963 3063 1006 3158 iu
1038 3067 1198 3158 nosuis
1226 3071 1304 3158 vel
1330 3071 1609 3175 nostrorum,
1636 3087 1767 3166 terris.

409 3200 487 3275 aut
504 3179 785 3295 ufttiuibus,
816 3183 950 3288 fuerit
982 3181 1278 3295 deprehensus.
1342 3186 1427 3276 Sed
1453 3185 1642 3296 inuasu,
1668 3213 1767 3302 quo

408 3299 522 3390 ullus
541 3295 886 3412 Magistrorum,
911 3297 989 3392 vel
1015 3299 1297 3390 Studencium.
1319 3300 1429 3390 ditia
1457 3300 1769 3400 Vniuerfitatis
1879 3339 1880 3380 r

408 3416 463 3502 ab
486 3413 636 3527 aliquo
658 3412 880 3502 hominum
899 3431 954 3502 vt
971 3413 1234 3526 predicitur,
1260 3417 1541 3529 vulneratus,
1566 3417 1648 3507 vel
1668 3417 1768 3506 vio-

408 3529 526 3622 lenta
555 3553 761 3622 manuum
781 3529 877 3620 ¹vel
904 3531 1073 3644 pedum.
1086 3528 1337 3650 iniestioue,
1363 3547 1458 3624 tam
1484 3532 1681 3651 :grauiter
1706 3531 1769 3618 le·

411 3639 481 3741 fiis
501 3643 670 3748 fuerit„
690 3648 813 3758 quod
830 3671 892 3740 ex
912 3670 993 3756 eo,
1025 3643 1203 3736 alicuius
1227 3648 1290 3738 sui
1305 3673 1309 3680 ’
1323 3651 1505 3741 membri
1523 3647 1677 3738 officio
1699 3673 1771 3734 or-

404 3758 615 3868 barerur,
646 3756 799 3868 Tunc,
827 3787 905 3852 reo
922 3762 997 3852 vel
1014 3763 1121 3862 reis,
1154 3763 1370 3854 molencie
1395 3763 1668 3880 huiusmodi,
1699 3761 1771 3852 de-

410 3869 658 3989 prehensa,
687 3869 789 3968 suut
806 3878 1160 3988 membratimilia
1188 3885 1482 3998 amputanda,
1510 3879 1589 3974 niu
1614 3903 1770 4086 eorglriu
