3770 4944
486 375 601 496 *fl
661 377 726 494 )²(
757 403 786 463 0
816 367 879 492 ’Μ
936 357 1031 494 3&
1365 403 1447 492 105

101 571 154 664 fis
178 573 363 688 moitiS,
393 579 434 670 δι
464 575 709 668 criminibus
736 575 931 690 infamia,
963 577 1091 667 Illum
1119 577 1277 681 debet,
1307 599 1456 666 coram

100 687 177 779 suo
201 688 350 822 ludite
382 694 643 802 conuenire,
681 692 833 808 ibiqve
860 689 1063 802 causam,
1093 691 1396 781 iuxtaDivini
1415 697 1459 782 dt

100 803 278 916 positivi
307 803 420 928 juris
447 809 753 921 tradicionem,
784 813 952 900 duobus
983 809 1055 900 uel
1082 809 1250 914 tribus,
1277 833 1368 894 non
1395 804 1460 895 su·

100 917 273 1032 spetlis,
304 921 381 1038 qui
402 925 455 1012 de
471 922 569 1013 visu
588 927 665 1014 vel
684 923 831 1014 auditu
841 953 941 1016 cum
951 953 1006 1014 eo
1019 929 1261 1038 deponant,
1289 919 1368 1010 νε]
1383 945 1461 1034 pet

98 1034 177 1123 alia
192 1035 376 1156 legitima
390 1035 653 1152 testimonia,
683 1041 907 1154 euincere,
945 1049 986 1134 tc
1011 1043 1213 1160 probare.
1260 1032 1459 1154 Quibus

98 1151 230 1240 eciam
247 1151 466 1268 Magistris
484 1158 562 1246 νε]
580 1156 855 1248 studentibus
873 1157 1066 1248 Reorum
1096 1154 1266 1280 Judices
1288 1217 1303 1262 ,
1332 1148 1461 1264 super

101 1266 185 1358 suis
203 1267 472 1382 accionibus,
502 1269 546 1360 in
559 1271 751 1364 terminis
775 1273 959 1387 debitis,
989 1270 1209 1362 indilatam
1224 1274 1365 1360 facere
1386 1268 1459 1358 de·

98 1387 204 1474 bent
224 1383 434 1474 iusticiam
460 1387 586 1480 iuxta
605 1387 971 1523 priuilegiorum,
1001 1386 1104 1478 alias
1135 1393 1176 1476 δι
1206 1403 1353 1492 nunc,
1381 1405 1463 1496 per

96 1525 178 1588 nos
201 1495 497 1592 concessorum
527 1501 857 1614 Vniversrtati,
889 1501 1200 1594 continenciam
1223 1498 1309 1590 fine
1338 1495 1462 1588 dolo.

96 1616 306 1728 Insuper,
352 1617 589 1708 inhibemus
615 1617 912 1730 presentibus,
951 1623 1074 1750 quod
1093 1617 1240 1706 nullus
1270 1608 1465 1704 Clericus

98 1733 180 1820 vel
215 1730 378 1839 laicus,
429 1731 669 1844 Religiosus
699 1731 775 1818 vel
805 1731 1047 1840 seculans,
1097 1729 1359 1816 Christianus
1390 1725 1469 1814 vel

96 1843 285 1965 Judeus,
313 1844 386 1932 seu
405 1845 585 1933 alterius
610 1843 879 1934 condicionis
911 1845 1108 1934 homines
1141 1839 1376 1964 Vtriusqve
1406 1834 1468 1924 se·

96 1985 191 2050 xus
212 2022 226 2070 ,
267 1958 440 2070 libros,
488 1961 787 2076 cuiuscunqve
812 1958 1032 2050 facultatis
1066 1955 1254 2047 existant
1271 2019 1292 2068 ,a
1317 1983 1342 2042 a
1371 1978 1465 2070 quo

97 2073 319 2192 Magistro
336 2075 414 2166 vel
433 2076 611 2166 Scolare
631 2074 739 2164 dille
757 2073 1068 2170 Vniuersrtatis
1090 2139 1107 2180 ,Α
1141 2073 1218 2160 νε]
1244 2101 1268 2182 a
1297 2069 1464 2186 quovis
1533 2077 1540 2091 '

98 2191 189 2279 alio
208 2191 403 2297 homine,
433 2193 486 2282 de
501 2188 816 2290 'Vniuersrtate
826 2215 913 2279 non
931 2188 1240 2303 existentium,
1270 2185 1467 2299 Religio·

93 2307 148 2396 so
167 2308 241 2396 uel
259 2304 460 2414 seculari,
489 2333 761 2424 quocunque
781 2305 952 2400 nomine
976 2305 1231 2410 censeatur,
1259 2317 1372 2391 emat
1389 2296 1468 2389 vel

94 2423 384 2628 &32⁰3
411 2421 492 2628 {¹3
510 2421 680 2628 ‘³⁶33
699 2415 1468 2628 &33332333333

93 2653 261 2746 librum
281 2565 469 2769 tuffam
490 2603 570 2742 sisi
586 2653 706 2743 secus
734 2655 965 2744 vendicare
985 2565 1325 2768 {refirmpserim
1346 2557 1470 2736 unn,

9 2837 10 2848 a
93 2775 229 2885 dem,
260 2768 372 2860 disto
400 2767 606 2881 Rettorl,
646 2771 689 2858 in
709 2795 862 2886 penam
889 2773 1053 2886 absque
1082 2760 1467 2884 gracia-assignabit.

9 2959 12 2982 ,
100 2886 160 2979 Si
179 2911 319 2996 vero,
349 2883 504 3003 aliquis
521 2883 831 3003 Magistrorum
848 2881 925 2974 νε]
936 2881 1214 2977 Studencium
1233 2876 1470 2975 uuevni-

9 3062 16 3078 ·
94 2999 326 3094 versitatis
353 3002 509 3096 librum
524 2999 604 3090 fibi
621 3001 783 3092 firrtiue
805 2999 1088 3113 subtraslum,
1117 3023 1251 3118 penes
1278 2996 1468 3110 aliquem

9 3161 17 3232 r,
95 3116 377 3234 Religiosum
405 3121 482 3210 νε]
510 3115 742 3208 secularem
771 3118 1066 3235 cuiuscunque
1093 3111 1233 3202 status¹
1248 3106 1474 3201 existatis·

9 3279 18 3348 ¹,
91 3231 297 3340 uenerit,
358 3261 459 3325 uem
480 3233 599 3326 suurn
620 3229 763 3343 fuisse,
792 3227 1267 3348 testibusydoneis'vel
1283 3225 1374 3337 aliis
1393 3225 1470 3312 do·

9 3372 22 3452 l
91 3350 320 3442 comantis
329 3263 536 3466 ‘legitimis
552 3366 604 3441 ut
620 3349 886 3465 premittitur
901 3353 1088 3464 probare
1106 3345 1279 3458 valeat,
1308 3341 1471 3470 Illepe·

9 3517 22 3572 :-
84 3491 188 3558 nes
208 3489 339 3584 quem
357 3465 555 3558 inuentus
572 3467 736 3580 suerit,
766 3467 903 3558 eidem
922 3463 1135 3581 Magistro
1158 3463 1236 3554 νε]
1254 3459 1470 3560 Studentr,

9 3596 24 3686 fi
84 3575 444 3690 librumipsum,
474 3577 1226 3698 absqvequalibetcontradiccione,
1254 3579 1386 3670 debet
1404 3597 1470 3660 re·

9 3746 25 3804 1.
86 3695 288 3787 stitoere
309 3757 325 3805 ,
355 3693 522 3782 eciamsr
543 3699 649 3785 liber
667 3698 900 3807 sabbatius
921 3763 937 3808 ,
968 3703 1019 3790 ad
1038 3695 1249 3804 eundem,
1279 3689 1470 3804 empcio-

9 3862 25 3922 ι.
85 3813 209 3914 nie,
227 3807 614 3926 Inpignorationis,
644 3811 716 3900 seu
737 3815 895 3928 quouis
917 3815 1004 3903 alio
1013 3814 1146 3903 titulo
1158 3813 1210 3902 srt
1219 3807 1469 3926 perduslns.¹

9 3976 28 4038 1·
83 3925 345 4027 Prouidere
363 3927 502 4018 eciam
515 3925 733 4018 salubriter
752 3929 999 4134 cogentes,
1028 3953 1082 4020 ne
1106 3953 1250 4020 rerum
1263 3915 1469 4124 Domisnp

9 4085 28 4154 s
1401 4058 1429 4124 u
