3794 4942
427 417 512 530 164
880 403 965 530 du
1023 403 1091 526 )=(
1121 435 1150 498 0
1180 405 1246 524 it(
1306 403 1388 525 unt

421 615 505 704 iius
525 608 611 700 suit
630 605 837 722 Aiiertrr,
867 605 942 702 sed
958 616 1113 728 frater,
1133 635 1213 699 nec
1228 609 1299 699 hic
1313 601 1364 698 ab
1389 605 1540 692 Urbano
1557 597 1778 716 VLGym-

420 727 523 816 nasri
540 723 936 838 confirmationem,
967 723 1037 816 sed
1066 742 1120 815 ut
1146 725 1311 816 caeteris
1339 722 1625 812 facultatibus
1647 718 1781 808 etiam

422 841 692 958 Theologica
710 843 995 958 adjiceretur,
1024 843 1286 958 impetravit.
1314 842 1417 934 'vide
1451 841 1600 922 Urbani
1616 837 1783 924 bullam

423 959 536 1074 apud
555 955 755 1048 Lambec.
775 961 852 1049 cit.
869 958 943 1048 lib.
964 991 1004 1052 2.
1028 985 1122 1074 cap.
1143 989 1179 1070 5.
1202 981 1297 1077 pag.
1321 972 1395 1060 8&
1413 961 1454 1045 dt
1471 950 1560 1070 seq.
1575 969 1782 1068 autogra-

422 1079 558 1194 phum
576 1071 813 1166 asservatur
831 1079 872 1166 in
892 1081 977 1168 tab.
996 1077 1201 1168 Academ.
1331 1169 1337 1180 ,

522 1191 652 1281 Patet
669 1215 729 1280 ex
757 1191 825 1280 his
853 1195 1014 1280 haum
1030 1197 1082 1283 ad
1099 1187 1433 1282 commentarios
1451 1185 1551 1276 suos
1574 1183 1782 1302 colligen-

425 1311 507 1400 dos
526 1307 814 1396 monumentis
839 1310 1026 1420 publicis
1043 1307 1167 1398 usum
1197 1334 1287 1395 non
1309 1295 1430 1394 fuisse
1446 1301 1517 1393 sed
1533 1331 1630 1420 quae
1643 1301 1781 1390 audie·

426 1424 513 1534 rit,
538 1421 614 1508 vei
635 1421 782 1510 obviis
798 1421 844 1510 in
861 1423 1137 1539 scriptoribus
1158 1420 1333 1537 legerit,
1347 1459 1351 1468 ·
1364 1419 1487 1509 nullo
1512 1417 1779 1530 Principum,

427 1557 502 1626 aut
517 1553 768 1650 temporum
795 1538 1028 1630 discrimine
1055 1539 1167 1630 fauo
1198 1531 1380 1626 edidisse.
1438 1535 1779 1623 Examinandum

427 1679 566 1757 nunc,
596 1679 646 1739 an
665 1649 812 1744 saltem
836 1656 928 1770 ejus
946 1657 998 1750 de
1025 1654 1267 1748 Academiae
1294 1650 1550 1768 antiquitate
1574 1647 1778 1762 iudicium

358 1803 360 1808 ·
427 1766 674 1861 verosimile
695 1767 760 1858 sn.
957 1803 959 1808 ·

443 1947 445 1954 ,
542 1885 802 1974 Pronuntiat
820 1883 963 2000 igitur
981 1887 1152 2000 quinto.
1188 1883 1332 1976 Prima
1359 1880 1478 1971 istius
1505 1883 1781 1972 fundamenta

427 1998 533 2111 josia
553 1995 636 2088 esse
654 2029 680 2086 a
700 2001 884 2100 Fridericr
901 2003 956 2089 Is.
978 2001 1077 2092 Caes.
1091 2003 1223 2090 Anno
1244 1995 1634 2090 Mccxxan.
1647 1997 1780 2108 &jam

426 2133 534 2204 tunc
566 2113 609 2198 in
625 2140 675 2200 ea
703 2113 821 2203 fuisse
847 2113 1066 2206 nonores
1098 2116 1143 2204 in
1167 2113 1440 2204 facultatibus
1468 2113 1779 2229 praelegenteS‚

432 2228 533 2364 qui,
548 2243 605 2318 ut
621 2231 786 2320 Ederus
804 2231 963 2348 arguit,
992 2231 1249 2346 potestatem
1267 2230 1489 2318 habuerint
1512 2231 1555 2317 in
1573 2229 1695 2318 omni
1721 2257 1782 2317 ar·

427 2361 537 2435 trum
564 2349 893 2460 generecreandi
913 2347 1153 2458 DostoreS,
1183 2340 1301 2436 fuisse
1318 2345 1504 2434 scholam
1521 2346 1563 2432 in
1580 2345 1781 2434 maximo

429 2461 595 2571 semper
618 2464 751 2560 flore,
780 2479 920 2588 atque
947 2461 1187 2548 douiffimis
1215 2459 1379 2573 semper
1415 2461 1522 2550 viris
1552 2455 1779 2550 abundasse

417 2577 547 2686 ,Lazit
561 2568 733 2658 assertio
750 2569 943 2659 innititur
961 2571 1136 2664 Caesarei
1153 2573 1398 2692 diplomatis
1411 2577 1556 2666 verbis
1576 2579 1684 2666 iliis:
1715 2603 1780 2662 vo·
1879 2636 1885 2683 r

433 2691 545 2776 sentes
562 2683 616 2780 &⁹
632 2687 799 2776 commodo
819 2687 944 2776 Studio
957 2687 1151 2796 provideri
1160 2755 1177 2803 ,
1215 2711 1282 2802 per
1300 2693 1397 2806 quod
1414 2695 1614 2804 prudentia
1634 2696 1779 2780 uretur
1879 2704 1886 2751 ἱ

431 2811 472 2890 in
482 2805 650 2914 populis,
680 2803 735 2899 Ei
751 2803 858 2893 rudis
875 2823 969 2892 atas
988 2805 1181 2918 irstruitur
1203 2799 1406 2918 parvarum
1422 2811 1629 2926 'potestanm
1651 2811 1777 2896 danim

431 2923 635 3030 plenariam
665 2922 848 3032 Magistro
875 2928 939 3035 qui
974 2921 1123 3010 Wrarru
1137 2944 1218 3034 per
1245 2955 1309 3014 nos
1334 2925 1387 3020 &⁹
1416 2929 1607 3038 Principes
1639 2924 1775 3036 nostros

432 3037 561 3157 (cap.
587 3043 628 3126 o
646 3033 773 3148 legit:
792 3025 999 3151 fircceffnres
1017 3038 1183 3154 nostros)
1211 3043 1265 3147 ad
1282 3043 1776 3157 Schoiarum'regimenadlu-

430 3169 576 3262 mitur,
605 3167 648 3238 ut
665 3153 755 3238 aiios
775 3157 952 3243 Dotiores
968 3163 1010 3274 in
1019 3153 1269 3264 facultatibus
1277 3156 1476 3268 fhiliituat
1503 3163 1546 3248 de
1564 3163 1701 3272 consiiia
1719 3163 1777 3243 vi·

435 3297 560 3356 rorum
572 3267 805 3376 prudentium
825 3271 1000 3358 Civitatis
1018 3273 1195 3385 ejusdem,
1225 3282 1288 3389 qui
1306 3269 1708 3392 habeaturfirfficientes
1725 3272 1777 3368 s?

432 3386 551 3474 iduati
566 3389 664 3472 circa
674 3383 822 3494 ficorum
847 3389 1013 3476 &urium
1031 3388 1247 3478 auditorum
1307 3392 1432 3482 Nolo
1459 3395 1529 3482 hic
1555 3399 1608 3484 de
1641 3393 1776 3508 diplo-

429 3502 555 3590 matis
575 3502 663 3592 fide
682 3503 801 3594 litem
819 3530 1021 3611 movere,
1050 3505 1153 3596 licet
1171 3509 1375 3598 nonnulla
1394 3528 1651 3624 occurrant3
1682 3533 1779 3628 quae

430 3639 526 3720 eam
540 3619 708 3726 dubiam
723 3619 921 3732 faciunt,
961 3639 1038 3712 aut
1060 3625 1228 3714 incutio
1253 3623 1403 3714 saltem
1429 3629 1605 3716 Caiamo
1634 3623 1779 3717 descri-

428 3745 555 3844 ptum
572 3737 819 3856 exemplum
837 3737 1055 3847 indicent,
1088 3743 1283 3832 concedo
1314 3733 1439 3830 Lucio¹
1461 3743 1693 3861 imperialis
1712 3758 1777 3828 ta·

429 3849 544 3942 bula
564 3848 898 3968 authoritatem,
930 3861 972 3948 δι
987 3853 1022 3948 st
1039 3856 1120 3948 hac
1135 3855 1227 3950 sola
1247 3856 1356 3954 teste
1386 3859 1511 3954 licuit
1535 3865 1658 3952 Lazir
1678 3853 1781 3952 affe·

411 4047 415 4054 -
1675 4003 1791 4072 rere:
