3770 4944
219 4003 224 4012 .
382 3922 800 4017 *terminationibus
835 3943 996 4066 pro-ut
1022 3926 1167 4047 supra·
1192 3925 1471 4037 describitur,
1510 3929 1800 4045 approbatis,

407 363 518 466 *xe-⁶
870 365 953 490 ab
1010 365 1226 490 r(·0>=(
1265 327 1365 492 'aa

434 574 508 664 sub
526 573 692 664 incerto
706 577 1202 686 'maneantuvagentun
1225 571 1488 682 statuimus,
1510 557 1628 685 dudd
1638 565 1782 687 siquis,

432 689 742 805 Magistrorum
751 689 827 776 vel
835 689 1115 777 Studencium
1126 685 1548 782 disieVniversrtatis
1558 685 1782 794 intestatus

291 891 297 898 .
397 807 659 906 decedens,
670 797 780 892 bona
789 801 1047 892 mobiliavel
1056 801 1291 892 immobilia
1300 802 1782 918 reliqueriteademper

397 1035 402 1042 ι
427 919 665 1012 Restorern
683 916 1019 1024 Vniuersrtatis,
1049 914 1123 1007 seu
1140 919 1268 1007 aliurn
1287 919 1363 1007 vel
1380 917 1488 1005 alios
1508 983 1521 1022 ,
1560 943 1693 1032 quern
1710 917 1783 1005 vel

398 1135 402 1142 Δ
434 1063 572 1169 quos,
599 1033 882 1131 Vniversrtas
901 1038 953 1126 ad
966 1035 1057 1136 vhoc
1076 1032 1316 1150 eligendum
1332 1035 1409 1126 uel
1422 1033 1639 1148 eligendos
1651 1036 1784 1123 duxe-

422 1167 518 1263 ert,
548 1149 666 1240 illesa
682 1149 1000 1268 integraliter&
1024 1155 1192 1265 absque
1209 1149 1496 1240 diminucione
1512 1148 1784 1264 -qualibette

397 1281 402 1380 j
426 1285 637 1372 ¹neantur‚
666 1269 735 1358 Ita
754 1275 922 1380 tamen,
953 1269 1074 1381 quod
1091 1269 1203 1354 bona
1225 1264 1319 1354 five
1339 1291 1431 1371 rea,
1445 1291 1551 1382 'qve
1579 1259 1784 1353 seruando

430 1381 680 1473 saluarinon
689 1380 955 1498 possuntper
964 1377 1280 1496 premissos,seu
1292 1378 1586 1494 premissorum
1598 1379 1784 1496 aliquem

400 1527 402 1534 ⁴
434 1499 580 1610 habita
599 1503 640 1588 δι
656 1493 856 1612 possessa,
887 1500 940 1588 ad
965 1497 1189 1591 confilium
1214 1514 1406 1613 quatuor
1430 1511 1778 1610 procuratorum,

432 1613 616 1730 prouide
638 1631 975 1705 commutentur.
1037 1614 1182 1730 Siquis
1200 1637 1312 1704 vero
1335 1613 1574 1722 heredum,
1604 1614 1656 1698 ab
1681 1609 1786 1730 inte·

394 1729 548 1848 jstato
577 1727 894 1820 succedencium
925 1729 1246 1844 comparuerit,
1294 1729 1372 1846 qui
1405 1725 1593 1842 legitime
1628 1727 1785 1814 docere

390 1948 394 1958 1
431 1845 583 1960 possrt,
612 1841 654 1932 se
672 1842 799 1958 ipsrus
819 1844 1005 1938 defiensii
1023 1846 1277 1958 proximum
1297 1839 1593 1960 &legitimum
1610 1837 1695 1952 eise
1717 1840 1785 1928 he

397 1991 398 1998 ¹
432 1963 609 2073 sedem,
635 1960 801 2075 eidem,
829 1957 1029 2074 srlaycus
1047 1976 1138 2049 erat
1158 1959 1378 2051 rennues
1408 1956 1619 2047 beneficio
1636 1957 1786 2045 Eccle-

432 2073 601 2162 srastico
621 2101 794 2181 carens,
823 2071 1003 2166 cessante
1029 2074 1239 2166 dilacione
1265 2073 1492 2194 qualibet,
1522 2071 1784 2188 affignentur.

372 2247 373 2252 κ
428 2188 482 2280 'Si
506 2216 619 2282 vero
640 2189 863 2282 cennens
890 2207 982 2280 erat
1008 2190 1237 2303 Clericus,
1269 2187 1688 2280 amministrationem¹
1718 2187 1787 2276 ha·

393 2321 399 2412 J
434 2305 540 2395 bens
561 2303 635 2398 seu
655 2323 850 2398 curatum
868 2304 1149 2419 beneficium,
1180 2303 1598 2420 tuncbonafingula,
1625 2321 1786 2418 utpre·

431 2421 642 2529 mittitur,¹
680 2447 811 2533 penes
838 2417 1062 2536 premissos
1086 2431 1283 2514 maneant
1311 2429 1353 2512 dc
1370 2420 1614 2530 seruentur,
1641 2422 1787 2509 donec

433 2535 675 2648 peritorum
693 2535 1100 2628 confiliosummarie
1119 2540 1381 2644 declaretur,
1412 2564 1462 2624 an
1473 2535 1696 2626 heredibus
1704 2535 1788 2622 vel

429 2649 657 2770 'Ecclesre,
688 2667 762 2742 aut
778 2653 923 2765 alteri,
954 2655 1007 2744 de
1026 2657 1121 2746 iure
1141 2653 1571 2770 veniantaffignanda.
1629 2650 1787 2741 Proui·

431 2763 480 2855 so
503 2783 672 2878 tamen,
702 2771 823 2901 quod
838 2771 890 2859 de
908 2771 1034 2860 bonis
1054 2771 1154 2886 ipsrs
1169 2805 1189 2884 j,
1218 2789 1268 2861 ut
1300 2769 1592 2884 premittitur,
1621 2767 1787 2854 adece-

286 2897 290 2902 ’
431 2881 634 2970 dentibus
659 2876 848 2993 relriirs,
878 2885 1209 2992 creditoribus,
1237 2887 1279 2974 in
1312 2887 1469 2977 Studio
1495 2881 1679 2994 nostro,
1710 2882 1786 2974 uei

410 2996 874 3112 cummanentibus,
904 3015 993 3089 tam
1014 3001 1204 3108 clericis,
1236 3029 1367 3118 qvam
1389 3003 1429 3090 la
1464 3001 1785 3112 cis,’dummo·

390 3110 394 3122 '
431 3117 490 3205 do
503 3115 555 3204 de
574 3111 729 3204 debitis
752 3111 921 3246 liquere
931 3116 1090 3229 poslrt,
1121 3140 1313 3233 congrue
1322 3029 1496 3208 {amissit
1512 3114 1784 3230 (Volumus

275 3243 277 3248 ’
424 3227 599 3344 insuper
627 3235 668 3318 δι
686 3229 950 3333 ordinamus,
981 3235 1104 3365 quod
1121 3233 1218 3322 libri
1242 3234 1431 3346 ipsorum
1455 3229 1790 3340 decedenciunr,

432 3362 529 3436 ente
548 3341 856 3436 diffinicionem
876 3344 1196 3459 prernrllorum,
1223 3364 1494 3456 remaneant,
1523 3347 1636 3460 apud
1662 3347 1792 3438 libra·

238 3429 241 3436 ⁴
387 3459 537 3578 ,riam
557 3457 636 3550 sue
665 3461 910 3550 Facultatis.
984 3461 1269 3554 Libertatibus
1305 3464 1475 3580 igitur,
1524 3461 1792 3578 priuilegijsr,

429 3575 810 3690 exempcionibua,
841 3583 884 3668 dc
901 3577 1243 3670 ordinacionibus
1263 3579 1533 3694 prescriptis,
1570 3578 1671 3668 alias
1691 3605 1791 3691 pre-

402 3789 406 3794 ,
430 3695 531 3822 fato
550 3692 700 3823 nostro
721 3690 865 3828 studio
880 3695 1096 3828 autentice
1117 3695 1319 3786 concessis
1338 3701 1379 3786 δι
1397 3695 1592 3801 traditis,
1621 3691 1798 3808 presen-

390 3905 392 3910 ,
430 3829 545 3895 crum
570 3828 727 3922 vrgore
755 3827 975 3900 rnnovatrs
994 3818 1082 3920 ,dc
1109 3837 1206 3901 cum
1232 3811 1314 3901 suis
1331 3810 1621 3902 addicionibus
1649 3819 1691 3903 dt
1714 3815 1801 3904 de·

1681 4068 1806 4160 pro·
