3794 4942
433 403 513 490 13³
832 375 928 498 uu
984 381 1047 494 l<
1076 407 1103 467 0
1135 377 1199 496 )=(
1260 374 1342 500 ti&

424 581 612 688 constet,
642 581 808 669 Urbem
834 579 1146 687 Vindobonarn
1180 579 1262 692 jam
1297 593 1538 670 memorato
1560 576 1616 673 A.
1649 593 1771 679 1237.

423 698 667 814 aperiendae
685 697 867 786 ‘Scholae
898 695 1115 786 licentiam
1159 704 1210 788 ab
1236 695 1519 812 Imperatoria
1548 692 1775 804 Maiestate

422 806 698 930 impeta-alle,
718 818 854 906 verba
890 829 1035 912 tamen
1064 812 1174 928 ipsa,
1203 816 1361 930 quibus
1390 843 1442 906 ea
1466 811 1635 900 licene'a
1656 835 1776 903 com·
1883 845 1884 848 ¹

424 927 705 1048 prehenditur
716 993 743 1048 ,u
764 931 873 1018 adeo
896 931 1074 1030 obscura
1097 932 1346 1050 &ambigua
1375 932 1493 1044 sunt,
1520 945 1572 1018 ut
1596 955 1688 1018 non
1709 924 1775 1012 so·
1883 1003 1884 1008 r

423 1047 517 1137 lum
541 1045 805 1162 Wolfgango
828 1043 1345 1165 Lazio,·sed&0regorio
1363 1047 1533 1152 Edem,
1586 1041 1657 1153 ui,
1675 1067 1773 1129 curn

420 1165 553 1266 Anno
578 1181 628 1270 15
635 1185 703 1274 59.
727 1161 969 1274 Academiae
992 1159 1326 1254 vindobonensis
1354 1161 1510 1250 Relior
1536 1185 1560 1248 e
1597 1175 1669 1268 et,
1698 1161 1774 1246 Ca·

421 1277 618 1410 talogom
638 1274 897 1394 Raetorum,
927 1277 1198 1394 aliorumque
1212 1277 1440 1396 illustrium
1460 1273 1645 1388 eiusdem
1663 1275 1772 1360 Aca·

416 1397 572 1485 demrae
600 1390 824 1504 virorum·',
844 1393 966 1508 typis
985 1395 1216 1508 Rapha'e'lis
1233 1393 1483 1487 Hofhalteri
1497 1409 1501 1418 '
1513 1391 1554 1476 in
1580 1388 1775 1500 4t0.p1i·

423 1510 506 1598 mis
525 1507 685 1620 edidit,
717 1507 882 1597 arandi
910 1509 1044 1601 ansam
1067 1511 1336 1625 praebuerint
1400 1505 1555 1596 Lanius
1585 1503 1697 1593 enim
1723 1531 1772 1590 ea

419 1627 557 1722 verba
578 1622 638 1722 stc
655 1623 993 1746 interpretatur,
1024 1625 1142 1742 quast
1160 1626 1430 1742 intelligenda
1447 1622 1526 1716 sint
1542 1623 1593 1710 de
1611 1618 1689 1708 tali
1705 1619 1773 1712 ali-

422 1769 511 1856 qua
533 1737 699 1850 schola,
730 1768 828 1858 quae
851 1741 993 1832 statim
1019 1769 1078 1830 ex
1103 1743 1179 1844 illo
1207 1760 1405 1854 tempore
1437 1737 1626 1850 coeperit
1648 1731 1772 1823 habe·

420 1883 468 1945 re
491 1857 705 1956 ooftores
733 1856 777 1944 in
807 1860 1082 1974 facultatibus
1111 1861 1413 1974 praelegenteS‚
1444 1857 1610 1942 Ederus
1631 1867 1774 1940 autem

420 1973 604 2063 ulterius
631 1973 905 2088 progreditur
920 2009 943 2087 ·,·
963 1979 1004 2063 it
1024 1975 1285 2063 creationem
1320 1997 1498 2088 quoque
1530 1965 1774 2056 Dotiorum

419 2084 507 2199 jam
528 2103 633 2174 tunc
652 2085 775 2176 simul
808 2087 1046 2205 permiliam
1063 2087 1183 2178 fuisse
1212 2087 1440 2179 existimat.
1502 2087 1588 2202 Sed
1612 2099 1775 2172 utrum·

421 2206 511 2318 que
547 2200 700 2292 falsum
722 2201 803 2293 eli'e
836 2205 1054 2296 manifeste
1086 2197 1224 2321 liquet
1253 2231 1311 2292 ex
1342 2200 1644 2316 diplomatibus
1663 2195 1775 2288 sum·

420 2343 598 2406 morum
615 2319 880 2410 Pontificum
900 2321 1069 2417 Vrbani
1087 2323 1153 2416 V.
1173 2327 1214 2409 &
1234 2321 1405 2414 Vrbani
1427 2319 1509 2411 Vl.
1521 2315 1625 2432 quin
1645 2313 1775 2404 etiam

419 2430 508 2544 ipse
520 2435 627 2543 Imp.
640 2434 883 2525 Fridericus
895 2439 949 2522 ll.
959 2463 1107 2552 pravae
1118 2435 1186 2520 isti
1202 2435 1439 2521 verborum
1451 2432 1625 2521 luorum
1636 2433 1775 2543 expli·

419 2544 582 2636 cationi
601 2545 829 2658 reclamat,
844 2551 944 2636 dum
959 2545 1156 2661 exprelse
1175 2547 1382 2660 testatur,
1408 2549 1448 2636 se
1468 2577 1556 2637 non
1576 2546 1772 2660 generale

419 2661 603 2774 aliquod
615 2661 812 2751 Studium
836 2663 1026 2752 omniurn
1044 2667 1302 2754 facultatum
1328 2664 1507 2780 intelligi
1530 2663 1671 2767 velle,
1701 2661 1772 2750 sed

421 2777 508 2868 tale
531 2791 701 2866 tantum
713 2805 805 2889 ,quo
824 2782 929 2868 rudis
941 2797 1034 2868 aetas
1051 2781 1478 2895 instruiturparuorum,
1508 2779 1561 2874 &⁹
1573 2780 1770 2888 prudentia

369 2983 371 2988 .
422 2893 570 2982 docetur
594 2900 636 2978 in
662 2897 845 3004 popula,
903 2899 990 2986 hoc
1025 2897 1111 3006 est,
1143 2913 1193 2984 ut
1236 2921 1322 3012 ego
1358 2895 1640 3008 interpretor,
1680 2919 1768 3011 quo

417 3007 691 3099 humaniores
710 3025 874 3102 tantum
889 3013 1023 3102 literae
1040 3019 1081 3102 &
1094 3011 1316 3125 disciplinae
1326 3010 1634 3125 Philosophicae
1655 3036 1773 3098 com·

416 3123 780 3239 prehenduntur:
812 3129 883 3216 de
902 3127 1144 3243 Theologia
1177 3133 1394 3216 autem&
1434 3126 1771 3242 urisprudenti'a,

417 3245 462 3330 u
479 3237 701 3330 Medicina
711 3240 845 3328 altum
856 3243 914 3331 ibi
932 3241 995 3331 eft
1005 3241 1241 3352 silentium,
1274 3271 1325 3330 ac
1341 3269 1413 3330 mu
1430 3261 1479 3332 to
1497 3242 1625 3331 etiam
1637 3243 1772 3360 magle

419 3355 475 3445 de
494 3353 712 3445 creatione
738 3355 980 3454 Doctorum
1011 3358 1053 3443 in
1078 3357 1189 3447 hisce
1215 3359 1518 3466 facultatium,
1551 3385 1633 3446 nec
1657 3360 1772 3449 aliud

420 3493 483 3558 ex
502 3469 587 3580 jam
614 3469 757 3560 citatis
778 3475 887 3586 lmp.
908 3471 1110 3564 Friderici
1144 3473 1198 3562 Il.
1230 3474 1379 3563 verbis
1415 3472 1564 3588 colligi
1595 3475 1770 3587 potest,

414 3606 555 3790 guam
574 3589 697 3719 quod
722 3587 978 3726 eletiionem
1008 3588 1182 3720 quidem
1210 3588 1399 3728 primarii
1431 3589 1634 3726 Magistri
1649 3583 1771 3680 istius

415 3698 593 3949 att
608 3701 1699 3954 attellanae,truentum
1718 3707 1772 3954 t

418 3929 600 4028 consilto
620 3933 838 4033 Vrrorum
852 3939 1128 4052 prudentum
1147 3937 1337 4050 ejusdem
1354 3937 1555 4034 Civitatis
1574 3935 1768 4145 alipusbffir
