3770 4944
547 350 630 476 Q
690 355 754 473 >=<
784 385 814 444 0
841 357 919 470 >20
969 351 1053 474 du
1391 381 1469 496 2⁹9

122 575 245 660 mua,
275 575 336 640 err
355 567 470 641 certa
484 549 681 659 sciencia,
707 559 760 643 δι’
777 567 929 644 tenore
947 555 1233 667 presencium,
1265 555 1315 642 ab
1332 549 1472 640 omni-

124 671 234 778 bus,
282 667 437 757 Steura
468 667 635 757 Mutuo
663 731 678 780 ‚
727 669 1134 760 Contribucionibus
1156 733 1172 781 ,
1194 668 1272 760 seu
1296 667 1469 778 quibus·

124 781 302 894 uisalijs
323 783 653 895 exaccionibus,
683 783 906 893 omnibus,
935 797 1010 875 aut
1026 783 1234 894 seruiciis,
1267 777 1471 890 opidano-

124 923 219 984 rum
233 895 983 1012 VillenostreWiennensrspresate,
1013 892 1471 1000 acaliorumomnium,

123 1011 249 1100 nobis
275 1007 319 1096 in
344 1011 498 1101 nostris
516 1012 762 1126 Territoriie
781 1013 1060 1103 subieiiorum
1082 1013 1312 1132 Quodqve
1330 1008 1473 1098 nullus

121 1126 355 1236 eorundem
374 1126 680 1244 Magistrorum
699 1129 776 1215 vel
796 1129 1068 1236 Scolacium,
1107 1153 1190 1244 pro
1210 1149 1477 1242 quacunque

127 1239 280 1346 causa,
310 1267 506 1356 corpur,
534 1243 777 1352 honorem,
809 1243 883 1332 vel
904 1271 974 1334 res
996 1243 1157 1356 ipsrus,
1187 1256 1474 1328 concamente

125 1358 485 1469 quomodolibet,
513 1356 697 1476 impeti,
726 1358 802 1446 vel
819 1357 861 1444 in
882 1358 950 1448 ius
965 1358 1105 1463 trahi,
1134 1359 1288 1450 debeat
1307 1353 1381 1443 seu
1396 1351 1501 1440 va·'

127 1471 239 1584 leat,
271 1497 415 1570 coram
436 1473 584 1594 Judice
604 1465 792 1560 seculari.
856 1471 1026 1588 Quibus
1046 1475 1241 1584 addentes
1262 1525 1277 1571 ‚
1305 1469 1478 1590 irrefra-

125 1587 321 1698 gabiliter
338 1586 550 1675 obseruari
570 1587 852 1698 precipimus,
880 1585 1146 1700 priuilegium
1169 1588 1270 1674 alias
1294 1609 1373 1696 per
1392 1593 1480 1680 nos'

124 1700 239 1788 uitro
259 1701 414 1788 Studio
432 1701 584 1786 nostro
600 1701 828 1800 traditum,
856 1697 981 1809 super
992 1700 1221 1812 punitione
1230 1700 1475 1788 ledencium

127 1816 318 1926 aliquem
348 1817 402 1902 de
433 1811 651 1925 Magistris
675 1812 750 1896 vel
768 1813 1061 1898 -Snrdentibus
1083 1829 1160 1902 aut
1175 1809 1476 1899 eorum-serui·

125 1929 330 2045 toribus,
363 1926 499 2014 Cuius
519 1922 693 2041 quidem
712 1919 918 2038 priuilegij
947 1941 1071 2036 tenor
1114 1941 1204 2015 erat
1220 1924 1341 2038 talis.
1401 1923 1475 2036 Si,

128 2045 251 2158 quod
269 2057 442 2132 auertat
457 2043 562 2156 deus
583 2037 887 2150 omnipotens,
916 2039 1105 2154 aliquem
1126 2041 1270 2131 nostre
1291 2038 1476 2130 dicionis

124 2155 356 2270 Laycum,
389 2153 635 2265 Comitem,
665 2154 911 2264 Batonem,
941 2153 1148 2266 Nobilem
1165 2219 1183 2266 ,
1212 2156 1365 2244 ciuem
1378 2159 1478 2245 burs

126 2269 321 2396 geniem,
353 2270 598 2383 Opidanum
614 2261 908 2358 vel-Ruralem
923 2268 1099 2362 diuitem
1117 2273 1193 2360 uel
1220 2292 1480 2384 pauperem,

79 2469 81 2474 ,
123 2386 426 2501 ¹cuiuscunque
454 2381 719 2474 condicionis
739 2382 918 2495 existat,
950 2385 1061 2472 intra
1078 2385 1307 2476 Terrarum
1319 2383 1478 2472 nostra·

124 2525 224 2594 rum
247 2501 456 2590 terminos
477 2563 492 2611 ,
524 2499 662 2588 ullum
680 2497 987 2614 Magistrorum
1007 2499 1084 2588 vel
1111 2498 1390 2591 Studencium
1416 2496 1478 2588 ‹li-

127 2612 546 2725 tte-Vniuerfitatis,
565 2615 642 2702 vel
662 2613 716 2702 ad
732 2613 1068 2726 ipsumstudium
1080 2612 1379 2704 accedendum
1399 2611 1477 2702 vel

128 2731 255 2818 abeo
275 2727 592 2832 recedencium,
620 2727 845 2837 occidere,
872 2729 949 2816 vel
970 2728 1135 2818 adeius
1150 2743 1480 2840 mortemteme·

127 2873 176 2934 re
186 2843 413 2933 machinari
434 2841 675 2972 contigerit,
688 2843 741 2930 de
756 2839 1080 2956 personailliua,

127 2957 327 3093 distritio
334 2956 653 3092 ,nomicidmm
670 2956 753 3045 tale
774 2974 1066 3087 perpetratum
1092 2841 1479 3068 Ᾰιξῗίῗᾟιέδοεῗμέ

127 3076 288 3188 debet,
315 3075 499 3183 rbrdem,
530 3097 610 3185 per
624 3069 874 3160 sententram
894 3077 1174 3166 &decretum
1199 3069 1400 3162 secularis
1419 3093 1480 3158 ru·

124 3187 228 3279 dicii
244 3187 444 3293 iudicare,
468 3186 575 3276 Eius
591 3189 849 3292 uerobona,
878 3184 1308 3324 liprotugussuerit,
1324 3183 1480 3271 immo·

126 3302 250 3411 bilia,
281 3329 366 3416 qne
383 3301 562 3394 feodalia
585 3299 777 3410 fuerint,
805 3302 1083 3416 proprietatis
1109 3305 1259 3392 cedant
1288 3296 1478 3390 dominos

123 3414 291 3508 -Predia
317 3444 366 3505 ae
382 3417 557 3532 propria
572 3415 749 3506 mobilia
767 3422 809 3506 δι
823 3416 1081 3530 immobilia,
1110 3439 1378 3534 quocunqne
1406 3439 1482 3500 noe
1576 3513 1578 3518 ,

128 3527 244 3618 mine
260 3527 534 3642 censeantur,
566 3530 785 3622 dimidium
808 3535 860 3622 ad
877 3559 983 3645 noe,
1012 3531 1289 3625 &dimidium
1306 3528 1483 3644 aani·

130 3639 373 3733 oerfitatem
407 3647 667 3756 prehabitam
699 3643 753 3731 ad
770 3647 951 3761 graciam
977 3649 1163 3738 nostram
1182 3646 1480 3738 deuoluuntur',

125 3756 177 3850 si
206 3767 351 3846 autern
383 3759 480 3874 quis
510 3757 757 3876 Laycorum
786 3760 1127 3876 specificatorum
1157 3762 1384 3878 superius,
1410 3759 1484 3855 ali}

124 3895 265 3987 ,quem
280 3869 539 3988 Magistrum
559 3873 636 3990 uel
660 3871 915 3966 studentem
934 3877 1045 3968 diue-
1062 3877 1370 3980 Vnmersrtatis
1389 3895 1484 3974 mur

123 3983 347 4108 filaterit,
374 3983 476 4103 seu,
491 4015 645 4103 manu,
664 3991 798 4106 pede,
813 3990 1017 4202 brachliqtm
1048 4021 1197 4104 crure,
1216 3994 1382 4104 oculo,
1411 4011 1483 4074 au-

1008 4133 1037 4202 2
1418 4125 1483 4214 10,
